2970 5280
660 515 840 605 -89...

187 660 302 727 Rarus
323 657 399 726 sine
416 658 566 726 deorum
584 658 681 726 cultu
707 658 796 727 nihil
821 660 864 727 ad
882 653 1114 751 corrigendos
1135 685 1253 732 mores
1270 665 1306 733 in

186 774 325 866 legibus
339 774 460 842 auxilii
475 776 651 859 futurum,
665 778 852 866 Augustus
867 777 1022 867 collapsa
1034 780 1166 869 templa
1179 783 1303 867 reficit,

102 932 105 937 -
187 915 277 959 nova
295 892 514 976 exstruit,·et
537 893 822 982 opulentissimis
845 895 950 962 donis
972 915 1117 964 exornat
1134 900 1201 986 (1);
1230 900 1306 967 Ho-

184 1008 296 1076 ratius
309 1025 438 1098 praesto
454 1028 505 1077 est
523 1008 584 1099 qui
601 1009 772 1078 obsoletis
786 1011 1002 1078 caerimoniis
1024 1034 1208 1081 sacrorum
1224 1037 1305 1083 car-

184 1125 325 1192 minum
340 1125 448 1193 decus
468 1124 621 1212 adjiciat.
641 1126 836 1217 Templum
854 1127 888 1194 in
906 1128 1042 1195 Palatio
1062 1130 1222 1218 Apollini
1241 1154 1306 1221 pro

109 1247 113 1251 ’
184 1241 483 1310 Actiacavictoria
496 1242 662 1334 princeps
676 1243 829 1326 dedicat,
841 1246 1015 1334 hymnum
1027 1246 1121 1313 canit
1134 1250 1257 1336 poeta(
1283 1251 1303 1336 ).

185 1360 309 1426 Ludos
325 1359 513 1427 saeculares
536 1359 643 1427 edicit
665 1364 864 1452 Augustus,
891 1361 992 1449 cujus
1016 1363 1208 1431 adnutum
1229 1367 1306 1433 Ho-

183 1474 296 1543 ratius
312 1496 453 1543 carmen
471 1477 656 1565 componit
674 1477 733 1568 (3).
762 1479 836 1546 Nec
861 1477 915 1544 sui
938 1479 1063 1547 ceteris
1089 1479 1159 1547 diis
1176 1481 1307 1549 desunt

184 1592 365 1660 honores:
386 1593 568 1676 Fortunae,
586 1592 744 1684 antiquae
763 1593 812 1660 illi
839 1595 1051 1663 Latinorum
1072 1596 1146 1665 deae
1164 1598 1219 1684 (4),
1243 1598 1306 1665 Ju-

184 1707 271 1775 noni
289 1708 431 1777 Lucinae
448 1711 504 1797 (5),
518 1709 696 1777 Mercurio
713 1711 768 1798 (6),
782 1712 951 1801 Neptuno
964 1713 1009 1802 (7)
1022 1735 1167 1802 quoque
1181 1713 1305 1804 hymni

183 1824 445 1894 inscribuntur.
1089 1849 1092 1856 ·

232 1940 339 2008 Haud
368 1941 512 2031 segnior
536 1959 641 2032 poeta
662 1941 855 2027 invenitur,
875 1965 957 2010 cum
976 1945 1098 2035 aliqua
1120 1946 1308 2014 nuntiatur

180 2055 331 2125 victoria
348 2057 521 2148 principis
543 2058 651 2125 ductu
674 2059 727 2126 vel
748 2059 917 2148 auspiciis
937 2079 1127 2149 reportata.
1148 2065 1306 2132 Noverat

179 2175 370 2263 Augustus
382 2173 470 2241 nihil
487 2174 917 2266 magisadtriumviratus
929 2177 1150 2245 oblivionem
1161 2189 1196 2246 'et
1213 2179 1306 2269 prin-

179 2290 322 2380 cipatus
337 2291 605 2360 firmamentum
619 2293 792 2376 conferre,
808 2315 916 2380 quam
934 2293 961 2360 si
980 2294 1169 2378 Romanis
1187 2297 1249 2385 qui
1270 2297 1304 2364 in
1339 2357 1341 2361 a

182 2429 312 2474 omnes
337 2409 496 2498 populos
526 2409 718 2499 imperium
758 2409 908 2478 deorum
940 2410 1038 2498 jussu
1068 2411 1304 2497 affectabant,

181 2545 397 2614 persuasum
419 2541 511 2592 esset
527 2547 589 2614 per
607 2525 727 2615 ipsum
743 2541 777 2594 et
798 2549 882 2593 suos
899 2525 986 2594 illud
1004 2527 1078 2617 pari
1098 2527 1303 2618 imperium.

180 2641 274 2710 Mire
300 2641 410 2733 igitur
433 2664 516 2710 cum
545 2642 621 2730 ejus
650 2644 832 2712 voluntate
855 2643 1037 2735 conspirat
1057 2642 1172 2735 poeta,
1196 2644 1306 2713 victo-

180 2757 318 2826 riarum
334 2779 449 2847 praeco
467 2777 622 2849 paratus.
639 2759 963 2851 Consiliumagitat
977 2763 1165 2851 Augustus
1182 2762 1305 2829 adver-

147 2949 150 2954 ,
180 2897 245 2942 sus
265 2874 456 2942 Britannos
470 2876 593 2961 eundi,
615 2892 653 2943 ut
669 2899 759 2967 opus
776 2899 795 2943 a
811 2893 956 2967 parente
975 2877 1184 2945 inchoatum
1200 2880 1305 2968 perii·

179 2990 251 3058 ciat
266 2993 333 3078 (8);
352 2991 473 3059 statim
487 2991 640 3061 faustam
657 2993 921 3084 expeditionem
945 2995 1093 3062 Flaccus
1108 3018 1127 3062 a
1146 2997 1306 3063 Fortuna
1393 3062 1396 3069 .

179 3106 317 3197 flagitat
338 3108 382 3197 (9)
395 3128 404 3193 ;
426 3130 581 3198 cumque
605 3109 861 3178 Britannorum
884 3110 1001 3201 legati,
1030 3109 1186 3178 officiosa
1206 3110 1305 3178 dedi·

217 3426 255 3497 (ι)
273 3426 378 3495 svm„
398 3425 476 3501 Aug.
495 3443 541 3498 29,
559 3424 606 3480 30.
622 3456 656 3467 -
674 3423 720 3480 Cf.
736 3424 870 3480 Manum.
894 3423 1008 3498 Ancyr.

217 3517 255 3586 (ι)
271 3515 377 3572 Carm.
399 3532 419 3582 1,
438 3513 483 3570 31.

215 3606 256 3678 (3)
275 3607 380 3676 Suum,
401 3605 467 3661 Vita
482 3606 563 3661 Hor.

217 3696 256 3767 (4)
272 3695 378 3751 Carm.
396 3714 416 3760 1,
439 3693 484 3750 35.

218 3784 382 3856 (Sl'Carm.
395 3801 439 3854 ιιι,
457 3783 485 3838 8,

218 3872 259 3946 (6)
275 3873 380 3930 Carm.
399 3889 441 3938 ιιι,
461 3889 510 3940 ιι;
529 3891 553 3942 ι,
567 3890 611 3926 20.

218 3965 257 4035 l7)
275 3961 381 4020 Carm.
398 3980 441 4031 ιιι,
458 3979 506 4034 27.

221 4053 260 4124 (8)
277 4051 457 4116 D10.Cnss.‚
479 4068 540 4121 cm,
555 4067 605 4110 22.

219 4143 258 4218 (9)
275 4142 380 4198 Curm.
398 4160 418 4206 ι,
438 4140 482 4209 35,
501 4158 550 4216 ²9·
