2970 5280
599 518 780 603 ..43-

130 684 218 731 cum*
240 662 336 731 illius
360 660 539 745 sensibus,
568 677 689 728 nostra
710 659 887 728 industria
915 659 1173 746 adjuverimus.
1200 661 1250 731 Ut

133 779 254 870 paucis
273 800 353 868 quae
371 777 544 845 hactenus
564 775 745 868 disputata
769 794 851 844 sunt
878 776 1146 860 contrahamus,
1173 778 1249 845 Ho-

132 895 211 963 ratii
238 893 396 963 carmina
420 892 694 962 meminerimus
717 894 806 961 adeo
828 894 1046 960 luculentam
1070 894 1196 963 Romae
1217 912 1249 962 et

132 1010 244 1080 ltaliae
270 1010 464 1100 imaginem
484 1011 655 1100 praebere,
678 1026 730 1092 ut,
756 1009 785 1076 si
803 1025 901 1077 trans
921 1009 1032 1099 Alpes
1051 1009 1249 1100 peregrina·

129 1127 268 1195 tionem
287 1126 475 1193 instituere
501 1125 601 1209 velis,
627 1148 743 1214 neque
770 1125 863 1194 inter
886 1124 1042 1193 sarcinas
1063 1125 1161 1193 locus
1181 1125 1248 1194 nisi

131 1242 193 1311 uni
209 1243 380 1311 Veterum
400 1241 492 1309 libro
510 1240 746 1331 relinquatur,
768 1240 919 1310 Horatio
937 1263 1043 1309 nemo
1056 1242 1249 1331 quisquam

130 1359 375 1449 praeferendus
392 1357 446 1425 sit.
1219 1433 1221 1437 Ι

177 1476 244 1544 ΙΙΙ.
266 1472 587 1563 Quemadmodum
614 1497 653 1541 ea
671 1474 834 1550 locorum
849 1473 997 1542 nomina
1016 1477 1110 1564 apud
1131 1476 1248 1544 Hora-

130 1591 222 1659 tium
241 1590 374 1680 passim
391 1584 613 1658 occurrentia
630 1608 744 1680 poetae
761 1589 913 1680 patriam
938 1590 1039 1680 quasi
1063 1590 1109 1658 ob
1126 1591 1249 1658 oculos

131 1724 305 1797 perpetuo
336 1723 490 1796 ponunt,
528 1705 575 1773 ita
602 1707 740 1773 romani
770 1724 801 1774 et
830 1705 938 1798 italici
964 1728 1082 1774 mores
1112 1706 1249 1774 melicis

130 1822 352 1890 carminibus
376 1823 469 1890 haud
494 1844 573 1890 raro
598 1821 766 1911 descripti
792 1825 1014 1911 Augusteam
1040 1822 1248 1890 aetatem'si·

129 1961 240 2029 gnare
257 1939 436 2006 videntur.
460 1939 510 2008 Ut
527 1961 546 2006 a
567 1938 728 2006 creandis
743 1937 1013 2028 magistratibus
1029 1938 1162 2021 ordiar,
1182 1939 1248 2005 sci-

129 2077 225 2138 mus,
245 2053 420 2125 Suetonio
436 2073 592 2137 auctore,
614 2053 855 2124 Octavianum
878 2053 1109 2122 comitiorum
1129 2052 1248 2144 pristi-

131 2193 220 2240 num
252 2171 307 2257 jus
345 2171 528 2239 reduxisse
562 2169 621 2259 (1),
654 2169 853 2260 primisque
888 2171 995 2256 huius
1028 2170 1248 2261 principatus

128 2288 355 2378 temporibus
379 2311 449 2354 non
479 2288 586 2354 semel
615 2286 649 2353 in
678 2286 817 2375 Campo
838 2286 969 2354 Martio
996 2309 1034 2353 ea
1060 2288 1095 2353 in
1120 2287 1248 2354 dandis

129 2403 308 2494 suffragiis
326 2421 444 2471 exorta
463 2425 539 2470 esse
558 2402 752 2470 certamina
770 2424 850 2492 quae
867 2403 995 2470 veteris
1020 2404 1067 2471 rei
1097 2402 1248 2492 publicae

128 2541 267 2588 morem
288 2519 324 2587 in
341 2519 553 2587 memoriam
572 2536 778 2586 revocarent
802 2520 858 2605 (2).
880 2519 1033 2586 Horatio
1052 2518 1160 2608 igitur
1176 2541 1245 2586 non

128 2658 222 2727 opus
246 2637 313 2703 luit
333 2637 440 2704 altius
463 2659 504 2703 ex
527 2635 730 2702 Annalibus
746 2636 904 2725 exempla
924 2653 1082 2725 repetere
1103 2635 1161 2722 (3),
1185 2634 1247 2701 ubi

129 2754 380 2822 Romanorum
404 2753 521 2820 studia
546 2769 578 2819 et
600 2751 847 2819 contentiones
870 2752 906 2818 in
930 2735 1093 2841 petendis
1116 2751 1247 2841 magis-

127 2867 280 2936 tratibus
295 2867 481 2957 designare
496 2866 619 2934 voluit.
638 2867 762 2934 Visam
781 2888 869 2950 rem,
895 2889 967 2934 non
988 2866 1149 2934 auditam
1170 2882 1246 2933 tan-

126 2995 206 3052 tum
233 2984 361 3052 referre
379 2983 532 3066 videtur,
551 3004 632 3050 cum
650 2983 820 3073 petitores
838 2983 994 3051 ostendit
1012 2983 1046 3050 in
1066 2982 1245 3073 Campum

126 3101 398 3183 descendentes,
412 3116 450 3166 ut
466 3101 510 3168 de
521 3098 673 3166 summis
694 3099 891 3166 honoribus
908 3100 1138 3183 contendant,
1152 3099 1246 3168 hunc

126 3217 464 3306 vetereprosapiaet
478 3215 662 3283 nobilitate
675 3215 1070 3305 superbientem,illum
1083 3215 1246 3284 moribus

126 3332 270 3400 etfama
288 3333 658 3413 commendatum,vel
671 3331 777 3399 etiam
796 3331 920 3419 majori
937 3332 1123 3400 clientium
1141 3337 1246 3400 turba

126 3448 301 3538 stipatum
318 3450 374 3537 (4).
399 3447 499 3537 Quid
521 3448 641 3517 enim?
661 3448 725 3516 Illa
742 3449 886 3516 comitia
910 3470 1067 3536 quorum
1087 3449 1245 3538 agitatio-

165 3696 205 3768 (ι)
227 3697 320 3752 Soter.
337 3697 477 3774 August„
492 3715 539 3768 40.

164 3787 206 3852 (2)
228 3785 296 3839 Dro.
311 3785 462 3856 Cass.,1v‚
477 3787 505 3841 6.

166 3873 203 3943 tl)
225 3871 329 3928 Minus
345 3885 436 3943 recte,
455 3887 488 3930 ut
502 3874 622 3948 opinor,
639 3874 685 3931 vir
704 3874 900 3931 doctissimus
920 3876 1063 3945 Orellius,
1088 3877 1167 3931 Hor.
1185 3891 1246 3950 op„

124 3975 147 4018 t.
161 3962 185 4034 l,
203 3978 232 4034 p.
251 3962 305 4036 329
321 3979 328 4018 ι
346 3984 358 4014 e
374 3963 516 4020 Ceterum
531 3963 668 4037 loquitur
682 3964 768 4037 quasi
783 3977 883 4021 vetere
897 3964 1063 4038 republica
1081 3965 1246 4021 etiamtunc

125 4063 277 4108 manente.
296 4072 308 4102 u

164 4141 203 4211 (4)
223 4140 329 4197 Carm.
347 4160 388 4208 111,
414 4160 437 4206 1,
463 4161 504 4197 10.
