2970 5280
645 515 826 600 „34-

178 662 267 730 adeo
295 659 470 729 serviliter
499 659 647 740 rettulit,
672 677 712 728 ut
735 659 825 727 nihil
850 659 1076 743 immutarem
1108 682 1204 742 narn,
1233 658 1299 727 hac

179 800 324 867 quoque
347 793 446 866 parte
470 774 596 845 ionicae
614 774 755 844 dialecti
775 774 962 844 mollitiem
987 796 1145 844 romanae
1169 774 1303 866 linguae

179 892 366 961 severitate
396 892 592 982 castigavit.
622 919 639 953 «
671 890 779 977 Cum,
811 890 929 980 inquit
953 891 1117 975 Mueller,
1150 890 1300 981 exiguus

179 1025 272 1077 esset
283 1031 370 1075 usus
390 1008 541 1098 spondei
557 1007 592 1075 in
610 1007 774 1076 versibus
788 1030 880 1092 quos
897 1023 1098 1097 sumpserat
1115 1007 1299 1090 aGraecis‚

179 1125 278 1215 quod
299 1142 418 1192 tamen
444 1147 556 1215 genus
585 1124 812 1214 rythmorum
838 1123 1001 1213 gravitati
1033 1123 1168 1193 Latinae
1192 1126 1299 1214 longe

178 1256 231 1308 est
247 1239 490 1329 aptissimum,
515 1255 661 1307 cautum
681 1238 748 1306 fuit
771 1257 864 1308 certe
879 1240 923 1308 ab
944 1261 999 1323 eo,
1017 1257 1056 1306 ut
1075 1238 1298 1329 ubicumque

179 1356 281 1424 illum
312 1356 454 1425 admitti
483 1355 604 1424 liceret
635 1355 843 1425 Graecorum
878 1379 919 1423 ex
954 1377 1092 1439 norma,
1123 1355 1172 1425 ibi
1204 1373 1299 1424 certa

178 1471 404 1540 observantia
419 1472 492 1562 jam
505 1471 601 1541 idem
620 1472 818 1541 sanciretur
836 1498 852 1535 »
870 1474 929 1559 (ι).
950 1473 1046 1540 Hinc
1063 1489 1128 1557 est,
1144 1471 1298 1562 exempli

82 1587 84 1593 ’
178 1589 304 1679 gratia,
324 1588 422 1678 quod
448 1589 614 1659 Alcaicus
641 1611 764 1656 versus
786 1589 883 1657 velut
901 1586 1102 1679 Sapphicus
1129 1587 1300 1678 spondeis

145 1759 150 1766 .
179 1704 326 1773 fulcitur
342 1723 376 1774 et
390 1706 565 1790 firmatur,
583 1727 717 1774 caesura
739 1706 913 1794 producta
930 1703 1180 1795 distinguitur,
1198 1703 1245 1773 ita
1261 1721 1301 1773 ut

180 1822 315 1890 tardior
328 1824 435 1913 paulo
451 1823 664 1913 graviorque
677 1820 795 1889 veniat
809 1823 852 1889 ad
869 1843 983 1889 aures,

226 1938 309 2006 Non
330 1937 556 2006 dissimulavi
584 1936 791 2020 Horatium,
810 1938 907 2027 quod
932 1937 976 2005 ad
998 1936 1206 2021 sententias,
1226 1937 1300 2005 elo-

180 2054 363 2122 cutionem
379 2055 570 2145 operisque
589 2054 687 2144 lyrici
706 2055 801 2144 leges
820 2049 986 2143 pertinet,
1005 2079 1023 2122 a
1041 2053 1164 2141 graecis
1181 2075 1298 2121 exem·

180 2171 340 2259 plaribus
364 2170 497 2238 mirum
518 2171 552 2238 in
570 2171 722 2238 modum
746 2170 922 2260 pendere;
942 2170 1003 2237 sed
1029 2192 1110 2238 cum
1138 2169 1224 2237 satis
1244 2169 1298 2237 vel

180 2308 220 2353 ex
239 2286 343 2353 dictis
360 2302 498 2354 constet
526 2308 598 2353 non
623 2285 714 2354 servi
739 2285 940 2374 cujusdam,
966 2286 1027 2354 sed
1055 2285 1158 2354 liberi
1185 2303 1300 2377 poetae

179 2419 297 2491 partes
314 2403 357 2471 ab
372 2425 413 2469 eo
431 2419 616 2492 susceptas
631 2424 708 2470 esse
723 2403 758 2469 in
773 2401 961 2485 imitandQ
977 2401 1032 2489 jus
1049 2402 1138 2470 milri
1154 2420 1299 2492 parturn

144 2578 147 2583 .
179 2541 256 2587 esse
277 2519 432 2586 arbitror
449 2537 489 2586 ut
511 2519 658 2588 tandem
677 2518 859 2608 inquiram
875 2517 962 2609 quid
981 2540 1173 2586 romanum
1194 2499 1299 2588 redo-

181 2636 249 2702 leat
266 2633 556 2702 studiosissimus
574 2635 632 2703 ille
651 2635 862 2705 Graecorum
881 2633 1092 2724 discipulus.

218 2894 259 2963 (1)
281 2893 445 2963 Murmura,
462 2895 508 2949 De
525 2912 557 2948 re
573 2895 710 2959 metrica,
726 2913 755 2967 p.
773 2897 834 2951 162.
849 2928 879 2937 -
896 2897 943 2952 Cf.
954 2899 1081 2968 Wnrrz,
1100 2915 1146 2973 op.
1163 2917 1200 2969 c.‚
1219 2917 1248 2971 p.
1265 2900 1298 2956 18

150 3024 151 3027 ,
178 3002 190 3034 α
209 2982 232 3035 ll
248 2982 323 3037 n'est
343 2999 395 3054 pas
413 2981 586 3038 l'imitateur
608 2983 715 3039 servile
730 2983 946 3058 d’Archiloque
962 2998 990 3042 et
1007 2986 1059 3042 des
1079 2987 1224 3058 Eoliens3
1241 2988 1262 3043 il
1282 3006 1299 3044 a

176 3088 222 3132 su,
239 3087 292 3142 par
307 3087 362 3125 son
379 3083 423 3126 art
439 3072 610 3143 personnel‚
632 3072 812 3148 appropriet
827 3091 864 3129 au
880 3074 966 3148 ge'nie
989 3074 1062 3130 latin
1084 3087 1112 3131 et
1129 3090 1297 3134 soumettre

175 3159 258 3213 ades
277 3158 371 3231 regles
385 3159 453 3232 plus
469 3162 588 3218 severos
612 3162 655 3218 les
677 3180 742 3219 vers
765 3176 793 3219 et
816 3163 858 3218 les
879 3182 1012 3237 groupes
1038 3165 1075 3220 de
1100 3183 1168 3222 vers
1194 3165 1299 3239 qu’ila

174 3247 357 3319 importes.»
376 3250 447 3322 Pag.
463 3268 511 3323 79,
529 3253 634 3307 eadem
651 3252 713 3308 fere
730 3252 882 3325 leguntur.
