2954 5084
630 492 835 558 -126—

177 653 257 701 rum
273 631 415 722 scriptis
432 632 648 722 propriaque
664 632 882 723 experientia
898 632 1035 725 paravit
1054 651 1090 702 et
1109 634 1190 704 aliis
1213 657 1302 726 pro·

177 747 309 838 posuit,
322 768 404 837 quae
416 747 611 838 pugnantia
624 748 842 834 conciliaret,
858 749 971 818 fluxas
987 748 1134 841 Epicuri
1146 750 1303 821 delicias

175 863 446 954 asperioresque
472 863 627 932 Zenonis
653 864 774 955 spinas
800 864 931 955 pariter
952 865 1135 956 effugeret,
1157 867 1299 957 Epicu-

176 1002 328 1071 reosque
352 998 386 1048 et
414 978 554 1050 Stoicos
578 1004 685 1071 supra
709 982 1006 1051 scholasticorum
1029 981 1302 1073 disputationes

176 1114 316 1165 evectos
351 1099 386 1164 in
426 1096 582 1165 humana
617 1098 772 1188 quadam
807 1097 934 1190 agendi
968 1097 1106 1167 ratione
1141 1099 1300 1188 conjun-

79 1194 86 1205 ’
177 1230 286 1302 geret.
924 1216 928 1221 '

220 1329 301 1396 Jam
324 1349 479 1419 pronum
518 1345 572 1396 est
596 1328 684 1418 quid
711 1352 751 1397 ex
781 1329 887 1398 dictis
915 1347 1086 1420 sequatur
1112 1329 1297 1420 colligere.

177 1443 339 1516 Sollicito
367 1442 508 1512 Horatii
525 1463 564 1512 ut
583 1461 616 1513 et
633 1445 779 1536 Vergilii
805 1445 949 1516 Graecos
976 1445 1140 1515 imitandi
1172 1446 1301 1516 studio

176 1559 310 1629 facturn
325 1579 378 1629 est
392 1578 431 1629 ut
447 1582 538 1629 nova
555 1559 766 1629 imitationis
791 1561 895 1645 ratio,
913 1577 947 1630 et
964 1585 1004 1631 ea
1022 1561 1170 1650 quidem
1188 1562 1301 1633 docta

177 1693 211 1744 et
229 1676 432 1762 artificiosa,
459 1676 618 1746 romanis
642 1676 757 1766 poetis
784 1678 1039 1747 recluderetur.
1067 1677 1144 1747 Etsi
1172 1677 1302 1768 lyricis

177 1792 396 1861 carminibus
425 1793 560 1862 nullam
586 1793 692 1861 aliam
721 1794 863 1862 laudem
892 1792 1146 1878 tribueremus,
1167 1796 1225 1862 vel
1254 1819 1301 1865 eo

178 1908 323 1977 nomine
340 1908 445 2000 digna
464 1927 583 1978 essent
597 1910 632 1976 in
651 1931 731 1999 quae
747 1909 887 1978 curiose
906 1909 1140 1981 intueremur.
1161 1911 1303 1981 Roma·

178 2023 235 2092 nis
251 2024 425 2094 acciderat
446 2043 523 2093 tum
546 2025 678 2119 ingenii
703 2025 831 2117 poetici
856 2025 1067 2116 pauperiore
1090 2048 1196 2112 vena,
1216 2044 1301 2096 tum

177 2140 308 2231 linguae
325 2142 444 2211 latinae
460 2143 662 2233 asperitate,
683 2162 721 2211 ut
742 2164 814 2211 non
832 2142 934 2211 aliter
953 2164 1063 2233 quam
1081 2141 1300 2212 Graecorum

177 2256 374 2328 imitatione
391 2259 526 2328 sensim
544 2277 578 2328 et
593 2282 656 2351 per
672 2259 804 2349 gradus
822 2258 866 2327 ad
883 2279 1070 2326 summum
1084 2257 1172 2327 artis
1193 2257 1300 2328 lasti-

176 2372 276 2462 gium
298 2376 540 2445 ascenderent.
565 2375 663 2464 Quid
693 2397 777 2443 vero
806 2392 888 2442 ante
912 2391 1124 2464 augusteam
1150 2390 1299 2444 aetatem

176 2509 361 2580 pepererat
377 2491 617 2560 necessarium
634 2491 721 2559 illud
741 2489 907 2558 imitandi
923 2491 1108 2560 studium?
1123 2489 1210 2573 Alii,
1227 2513 1296 2560 seu

175 2626 333 2675 romanae
355 2607 575 2697 paupertatis
597 2607 704 2675 taedio
726 2629 787 2674 seu
813 2627 1010 2697 graecarum
1029 2606 1160 2675 artium
1176 2606 1298 2674 admi·

177 2722 327 2806 ratione,
345 2725 442 2792 velut
466 2722 605 2792 romani
632 2722 766 2813 ingenii
793 2721 998 2814 transfugae,
1017 2719 1299 2790 immoderatius

177 2837 212 2906 in
241 2859 439 2928 graecorum
468 2837 726 2929 exemplarium
752 2837 992 2905 imitationem
1022 2835 1205 2920 abierant3
1231 2837 1295 2905 alii

176 2953 299 3043 patriae
329 2953 451 3044 gloriae
474 2953 720 3048 studiosiores
748 2953 914 3043 quamvis
938 2974 1086 3021 romana
1106 2952 1240 3021 sentire
1262 2969 1297 3022 et

177 3090 323 3137 romana
354 3068 451 3159 loqui
474 3069 691 3151 affectarent,
721 3091 792 3136 non
821 3084 985 3160 poterant
1011 3068 1101 3158 quin
1132 3069 1296 3137 romanis

175 3185 396 3274 argumentis
420 3206 552 3275 graecas
576 3184 770 3254 sententias
801 3186 899 3253 velut
925 3205 1126 3274 purpureos
1152 3206 1295 3274 pannos

175 3318 374 3369 assuerent.
402 3299 478 3368 lllis
502 3300 642 3369 indoles
665 3322 812 3369 romana
832 3300 880 3368 ita
903 3300 1091 3383 deiecerat,
1109 3317 1150 3367 ut
1165 3316 1298 3390 praeter

176 3438 380 3485 sermonem
401 3415 490 3484 nilril
514 3415 586 3485 lere
610 3416 678 3485 nisi
700 3437 856 3506 graecum
882 3416 1098 3506 proderent3
1126 3413 1182 3482 his
1207 3437 1294 3485 vero

176 3554 233 3602 ars
259 3532 319 3601 illa
347 3533 466 3600 deerat
495 3553 575 3622 quae
605 3531 843 3602 transmarina
877 3553 961 3599 cum
991 3530 1116 3623 patriis
1147 3546 1228 3621 apte
1261 3549 1297 3601 et

176 3647 401 3739 aequabiliter
423 3646 644 3717 consociaret
669 3669 677 3717 τ
704 3648 784 3716 illos
809 3648 905 3716 haud
931 3646 1105 3736 injuriose
1132 3645 1294 3731 Graecos,

177 3766 242 3834 hos
257 3763 435 3856 bilingues
450 3763 601 3834 diceres.
693 3813 697 3820 -

221 3878 316 3951 Cum
342 3879 451 3971 igitur
474 3902 536 3970 per
556 3879 701 3949 Latium
723 3901 860 3971 graecus
880 3879 998 3951 amnis
1020 3879 1075 3949 vel
1101 3880 1214 3964 solus,
1238 3879 1294 3949 vel

177 3997 375 4067 identidem
414 3997 509 4085 juxta
548 4017 741 4066 romanum
779 4018 938 4081 amnem,
973 3995 1139 4065 discretis
1173 3994 1293 4085 aquis,

173 4114 350 4200 fluxisset,
373 4113 526 4184 restabat
542 4129 582 4205 ut
595 4135 637 4184 ex
652 4132 805 4204 utroque
825 4112 924 4183 sonte
937 4134 1052 4189 unum
1066 4111 1201 4215 flumen
1217 4110 1293 4181 effi·
