2970 5280
187 687 347 754 colorem
380 711 397 755 e
432 685 569 756 Graecis
596 687 757 771 traxisse,
794 685 1083 776 necquicquam
1120 708 1311 756 romanum

189 803 360 873 retinere:
377 805 490 872 immo
505 794 703 893 saepissime
718 804 752 873 in
771 822 981 894 argumenta
997 826 1146 894 prorsus
1164 827 1310 874 romana

188 920 398 1007 hujusmodi
415 920 568 989 imitatio
587 920 692 989 cadit.
714 921 840 991 Unum
856 938 917 989 aut
934 921 1087 989 alterum
1106 923 1310 1012 exemplum

186 1036 345 1125 proferre
372 1036 470 1105 libet.
503 1036 664 1105 Nuntius
698 1039 852 1104 Romam
880 1036 1036 1126 perlatus
1063 1055 1117 1105 est
1146 1037 1310 1106 interisse

188 1151 416 1241 Cleopatram
434 1175 515 1242 quae
534 1153 624 1223 Urbi
639 1152 834 1242 perniciem
848 1152 980 1220 minata
998 1170 1108 1236 esset3
1126 1155 1309 1242 quomodo

187 1284 290 1357 poeta
309 1268 490 1357 publicam
508 1272 758 1337 Romanorum
774 1268 936 1337 laetitiam
964 1268 1121 1336 carmine
1141 1292 1308 1359 asseque-

184 1400 244 1451 tur
259 1385 271 1450 l
287 1383 382 1453 Cum
404 1383 498 1453 inter
512 1385 620 1452 Alcaei
644 1407 751 1475 opera
779 1380 1008 1475 poematium
1020 1384 1191 1475 reperiret
1207 1384 1307 1454 simi-

184 1499 228 1568 lis
259 1500 458 1569 admodum
475 1501 690 1592 argumenti,
709 1502 752 1569 de
770 1482 908 1590 Myrsili
926 1500 1066 1590 tyranni
1084 1501 1245 1584 interitu,
1263 1502 1307 1569 ab
1377 1487 1379 1492 ¹

184 1637 226 1684 eo
237 1615 426 1684 exordium
440 1616 673 1684 notissimum
683 1615 811 1684 iisdem
823 1616 894 1684 fere
905 1615 1220 1685 verbismutuatus
1230 1634 1303 1684 est:

399 1751 424 1805 N
430 1767 489 1805 unc
505 1762 549 1806 est
565 1749 743 1818 bibendum,
761 1766 841 1805 nunc
860 1750 935 1822 pede
951 1747 1047 1805 libero

398 1848 552 1916 Pulsanda
568 1847 658 1903 tellus
675 1849 728 1917 (1).

229 1991 300 2062 Sed
319 1992 354 2059 in
373 1991 430 2059 his
448 2009 516 2061 stat
544 1989 718 2075 imitati03
742 1991 851 2082 dapes
869 1989 1022 2060 Saliares
1037 2012 1103 2056 nos
1127 2013 1146 2057 a
1166 1988 1304 2075 Graecia
1368 2045 1372 2055 .

183 2109 339 2176 Romam
355 2110 544 2189 reducunt,
562 2130 625 2175 nec
641 2107 797 2197 amplius
808 2106 1002 2197 quicquam
1017 2127 1173 2197 graecum
1186 2124 1301 2174 sonat.

180 2224 277 2295 Cum
293 2225 336 2293 ad
354 2225 513 2293 amicum
527 2223 650 2292 scribit
669 2245 676 2290 :

290 2358 423 2427 Nullam,
438 2359 528 2428 Vere,
546 2375 630 2413 sacra
646 2356 705 2413 vite
721 2356 805 2430 prius
826 2354 938 2412 severis
954 2356 1094 2411 arborem
1109 2357 1158 2429 (2).

179 2502 342 2572 Alcaeum
357 2501 473 2586 audis,
492 2500 527 2568 in
538 2500 679 2570 Lesbiis
695 2500 847 2568 collibus
863 2499 995 2568 versari
1011 2499 1143 2568 videris
1158 2521 1167 2583 ;
1182 2517 1301 2569 tamen

180 2640 280 2687 error
295 2619 446 2703 tollitur,
463 2617 526 2686 ubi
544 2616 662 2686 italico
678 2616 764 2697 caelo
781 2616 953 2706 refulgere
968 2615 1085 2684 cernis

379 2749 453 2808 lllite
469 2751 569 2807 solum
584 2749 709 2806 Tiburis
724 2761 754 2806 et
767 2748 881 2806 moenia
897 2748 995 2805 Catili.

224 2879 412 2964 alcaicum
433 2911 486 2964 est
501 2868 612 2963 nna}

397 3051 406 3067 .
467 3027 607 3084 Dissolve
622 3026 717 3100 frigus
737 3025 819 3101 ligna
831 3043 922 3099 super
935 3025 1004 3082 loco

466 3127 563 3199 Large
579 3142 764 3199 reponens...
778 3124 815 3196 (3)

214 3331 253 3402 (r)
269 3330 375 3387 Carm.
399 3349 419 3396 1,
446 3330 493 3402 37,
517 3348 539 3387 1.
560 3328 606 3385 Cf.
626 3330 722 3386 Alcaei
735 3331 824 3404 frag.
849 3329 897 3385 ed.
924 3316 1146 3398 Schneidewin,
1167 3348 1200 3404 p.
1226 3330 1303 3387 268..

464 3421 512 3491 Νῦν
524 3422 570 3490 llptl
583 3420 692 3485 μεθύσθην
711 3419 753 3470 καί
771 3440 821 3470 τινα
839 3421 895 3490 πρδς
913 3419 965 3470 δίων

463 3508 550 3573 Πῖνειν,
572 3509 648 3566 ἐπειδὴ
668 3509 764 3560 nirdam
780 3509 901 3579 Μύρσιλος.

213 3577 290 3636 Alit.
309 3579 365 3652 leg.

464 3654 543 3703 ...καῖ
561 3652 632 3715 χθι’να
649 3654 706 3722 πρδς
724 3651 778 3704 &iou

461 3741 548 3799 Παίην.

214 3832 255 3901 (2)
276 3830 380 3887 Carm.
393 3849 411 3900 1,
428 3830 471 3884 18.
492 3848 516 3900 r,
537 3829 578 3886 cf.
591 3829 654 3885 Alc.
665 3830 786 3906 fragm.
803 3846 849 3904 op.
861 3846 886 3885 c.
898 3846 928 3902 p.
947 3848 1013 3902 277.

426 3922 504 3978 Μηθὲν
515 3919 570 3970 ἄλλο
581 3918 686 3991 φυτεύσῃς
702 3919 809 3989 πρότερον
826 3918 926 3989 δένδρεον
945 3919 1052 3984 ἀμπέλω.

212 4008 253 4081 (3)
274 4008 378 4068 Carm.
390 4027 409 4080 r,
424 4027 452 4082 9,
470 4008 497 4079 5,
509 4007 547 4063 cf.
561 4009 624 4063 Alc.
634 4010 813 4084 sragmop.
830 4025 866 4078 c.‚
884 4026 913 4080 p.
930 4009 1000 4080 273.

463 4099 582 4149 Koidssatllt
595 4100 634 4149 τόν
648 4098 780 4165 χειμῶν’ἑπί
799 4099 842 4163 μὲν
861 4099 935 4158 nubtis

462 4190 546 4257 Πῦρ...
