2970 5280
258 1117 260 1120 ·
338 1233 341 1237 .
523 1119 526 1126 ·
601 1126 894 1264 cnrurru

360 1696 362 1701 .
460 1647 504 1696 DE
529 1647 668 1696 HORATH
691 1647 727 1695 IN
752 1647 900 1695 PATRIAM
924 1647 1040 1694 AMORE

190 1897 208 1944 Ι.
227 1897 314 1945 Amor
329 1896 433 1961 patriae,
454 1895 593 1960 praecipua
617 1893 810 1945 Romanorum
830 1894 936 1951 virtus;
958 1920 988 1928 —
1010 1906 1071 1957 quae
1088 1889 1309 1956 provincialibus

220 1976 328 2026 civibus
345 1976 452 2041 patria;
470 2003 501 2011 -
518 1975 586 2038 quid
602 1974 637 2024 sit
651 1989 715 2025 vere
729 1975 848 2040 patriam
864 1987 967 2023 amare.
978 1999 1009 2009 -
1031 1972 1064 2021 ΙΙ.
1083 1970 1215 2021 Horatius
1228 1970 1309 2018 avitae

220 2050 526 2120 Romanorumgloriae
550 2054 702 2104 admirator
725 2065 753 2105 et
775 2068 872 2120 praeco.
896 2080 926 2091 -
943 2053 989 2102 Ill.
1016 2052 1122 2101 Horatii
1141 2051 1169 2100 in
1186 2049 1308 2115 patriam

220 2136 353 2197 studium,
372 2136 444 2184 inter
461 2135 535 2184 bella
545 2135 654 2198 civilia;
667 2161 699 2172 -
713 2136 846 2185 Carmina
856 2143 919 2184 ante
933 2134 1109 2194 Perusinum,
1125 2141 1190 2181 ante
1204 2141 1232 2181 et
1247 2139 1309 2195 post

218 2218 362 2266 Actiacum
378 2216 484 2265 bellum
501 2215 613 2281 scripta.
624 2243 655 2252 -
672 2215 716 2265 IV.
736 2216 843 2265 Horatii
859 2216 887 2264 in
902 2215 997 2266 Romae
1010 2213 1213 2279 perennitatem
1228 2209 1308 2260 fides.

217 2321 248 2333 -
264 2296 296 2346 V.
316 2296 423 2346 Horatii
440 2305 535 2360 gratus
550 2297 579 2345 in
595 2296 746 2347 Venusiam
764 2296 884 2358 animus,
898 2294 951 2344 ioci
967 2293 1092 2359 patriam.

233 2591 261 2658 Ι.
281 2589 474 2660 Neminem
493 2590 599 2658 latere
619 2605 720 2680 puto,
737 2591 790 2659 vel
808 2589 870 2679 qui
885 2588 1119 2657 transcursim
1134 2609 1306 2656 romanos

187 2707 334 2775 annales
366 2706 550 2790 evolverit,
582 2707 678 2774 hunc
707 2705 883 2797 populum
904 2720 943 2773 ut
969 2705 1103 2789 labore,
1133 2703 1306 2794 patientia

186 2812 384 2902 ceterisque
394 2813 429 2880 id
442 2835 555 2903 genus
566 2812 774 2896 virtutibus,
784 2812 917 2903 quibus
927 2834 983 2881 res
995 2833 1147 2902 quaeque
1161 2809 1306 2901 publica

186 2928 307 3020 augeri
325 2929 427 3013 solet,
445 2928 492 2996 ita
509 2930 690 3020 praecipuo
706 2929 741 2996 in
757 2929 908 3019 patriam
934 2950 1055 2997 amore
1079 2927 1302 2996 inclaruisse.

185 3042 280 3114 Cum
295 3043 392 3112 enim
412 3043 603 3112 nobiscum
625 3043 747 3112 animo
763 3053 986 3134 reputamus,
1007 3043 1036 3111 si
1059 3043 1095 3111 in
1113 3042 1192 3110 foro
1210 3063 1305 3111 acer·

183 3158 342 3227 bissimae
373 3161 522 3229 Parrum
555 3176 589 3229 et
621 3161 735 3251 plebis
764 3160 1012 3258 contentiones
1046 3177 1080 3228 et
1111 3159 1304 3228 discordiae

183 3292 443 3359 exercerentur,
480 3299 552 3361 eas,
582 3278 729 3345 consule
765 3277 900 3346 instare
931 3276 1066 3345 bellum
1097 3274 1304 3360 nuntiante,

183 3393 304 3460 statim
318 3392 544 3484 deflagrasse,
571 3414 769 3483 omnesque
786 3394 830 3462 ad
853 3414 952 3461 arma
968 3391 1182 3475 cucurrisse,
1199 3391 1304 3481 quasi

182 3507 340 3575 consulis
354 3530 438 3575 voce
454 3507 531 3598 ipsa
548 3508 660 3598 patria
674 3526 768 3577 esset
782 3509 923 3593 locuta,
939 3526 973 3577 et
987 3508 1048 3576 ubi
1066 3509 1109 3576 ad
1129 3528 1205 3576 rem
1219 3529 1306 3576 cum

182 3623 346 3691 hostibus
362 3642 511 3693 ventum
533 3643 638 3708 esset,
661 3625 740 3693 illas
764 3625 958 3694 Deciorum
978 3641 1013 3694 et
1032 3624 1186 3693 aliorum
1206 3624 1305 3693 visas

179 3760 256 3806 esse
272 3739 496 3825 devotiones,
515 3763 604 3830 quas
629 3741 701 3809 fere
727 3742 820 3810 inter
846 3741 983 3810 fabulas
1005 3762 1203 3825 recenseas,
1231 3740 1305 3809 nisi

176 3854 417 3944 apertioribus
442 3872 605 3925 constent
629 3857 868 3942 testimoniis,
896 3856 1122 3946 ducibusque
1150 3855 1305 3925 devictis

174 3971 265 4038 adeo
282 3970 377 4039 cives
400 3994 470 4039 non
488 3973 734 4041 suscensuisse
748 3990 788 4041 ut
805 3990 926 4042 contra
947 3996 1073 4041 omnes
1091 3972 1239 4041 ordines
1257 3973 1305 4042 iis

176 4086 323 4154 obviam
336 4087 441 4172 irent,
459 4089 663 4178 gratiasque
683 4106 826 4180 agerent
843 4091 940 4181 quod
954 4089 998 4158 de
1012 4110 1048 4158 re
1066 4089 1211 4181 publica
1228 4113 1303 4159 non
