2970 5280
598 500 778 570 ..61-

124 643 214 713 civis
229 644 388 714 caedibus
412 666 452 712 ac
475 644 799 736 proscriptionibus
824 644 883 712 vix
899 646 1056 736 elapsus,
1074 666 1157 714 cum
1182 667 1244 736 pa·

125 761 233 830 triam
246 761 295 829 ita
304 760 388 830 fatis
406 761 525 851 urgeri
544 759 694 844 videret,
713 760 749 829 in
767 782 948 829 summam
960 761 1247 851 desperationem

127 877 376 947 collaberetur.
406 876 580 945 Horatius
604 876 726 967 igitur,
744 876 878 968 publici
900 877 1047 946 terroris
1066 877 1247 962 conscius,

127 992 348 1083 juvenilique
386 994 513 1062 ardore
552 1010 586 1062 et
621 993 941 1063 vehementissimo
967 994 1077 1063 animi
1109 994 1246 1085 impetu

127 1128 326 1201 correptus,
344 1109 447 1200 quasi
463 1110 507 1178 de
532 1131 570 1179 re
591 1109 734 1201 publica
752 1111 823 1199 iam
845 1126 938 1180 esset
961 1127 1093 1196 actum,
1114 1111 1151 1179 in
1180 1111 1248 1178 hoc

126 1247 270 1295 carmen
287 1225 583 1317 indignabundus
598 1226 716 1316 erupit
733 1248 741 1295 :

264 1365 270 1381 “
341 1367 443 1426 Altera
463 1365 523 1444 jam
538 1368 647 1426 teritur
662 1369 750 1426 bellis
766 1368 907 1426 civilibus
921 1380 1006 1440 aetas,

414 1466 486 1525 Suis
500 1478 531 1524 et
545 1467 610 1541 ipsa
625 1468 724 1524 Roma
737 1466 854 1526 viribus
869 1467 929 1525 ruit
944 1470 997 1539 ir).

174 1628 272 1719 Quid
302 1629 469 1700 attineret
493 1627 674 1697 civitatem
699 1628 920 1698 ineluctabili
946 1629 1101 1718 quadam
1131 1649 1247 1696 neces-

128 1744 232 1816 sitate
262 1747 307 1815 ad
327 1745 471 1814 ruinam
492 1745 595 1835 quasi
621 1743 840 1836 praecipitem
869 1745 1031 1813 adactam
1055 1744 1099 1812 ab
1127 1742 1249 1835 impiis

128 1861 239 1944 armis
255 1862 456 1930 deterrere?
473 1862 598 1941 Poeta,
616 1883 688 1951 quo
704 1861 739 1928 in
758 1860 910 1953 patriam
925 1882 1046 1929 amore
1062 1859 1249 1950 flagrabat,

127 1999 212 2045 cum
228 1978 383 2046 Romam
396 1977 556 2045 exsulem
572 1997 681 2066 quam
704 1977 841 2044 nullam
857 1975 990 2060 mallet,
1014 1975 1248 2067 popularibus

127 2095 255 2162 suadet
271 2110 324 2176 ut,
347 2094 584 2161 Phocaeorum
609 2093 785 2182 exemplo,
807 2092 842 2159 in
864 2090 951 2159 alias
973 2090 1180 2182 immigrent
1197 2114 1250 2160 re·

127 2208 267 2300 giones,
308 2209 470 2297 illudque
496 2207 688 2276 consilium
718 2206 902 2298 perficiant
931 2207 1029 2297 quod
1066 2205 1249 2276 Sertorius

126 2347 252 2394 recens
267 2323 460 2416 agitaverat
479 2325 515 2392 in
534 2325 750 2392 Fortunatas
771 2323 905 2391 insulas
928 2322 1123 2414 imperium
1138 2339 1248 2390 trans·

124 2440 265 2510 ferendi
278 2439 338 2533 (a).
357 2440 465 2529 Quod
484 2439 512 2507 si
529 2456 641 2508 totam
654 2439 855 2530 argumenti
878 2438 1068 2524 rationem,
1089 2439 1245 2507 acerbis·

125 2557 262 2626 simum
300 2554 561 2647 indignationis
596 2577 758 2639 sensum,
787 2554 1033 2644 orationisque
1070 2554 1247 2625 fervorem

125 2673 298 2764 pensites,
312 2695 454 2742 necesse
470 2689 524 2740 est
534 2671 676 2740 fatearis
692 2671 888 2740 Horatium
899 2670 935 2738 in
948 2669 1032 2755 illis,
1046 2670 1249 2759 juveniliter

124 2788 290 2873 forsitan,
308 2804 428 2857 tamen
444 2787 596 2856 civiliter
611 2787 738 2877 egisse.

151 2916 154 2921 ’
174 2904 268 2975 Cum
287 2900 422 2974 bellum
438 2903 657 2972 Perusinum
671 2925 840 2994 prospere
853 2901 1052 2972 Octaviano
1068 2902 1246 2989 cessisset,

127 3008 237 3094 Sexto
263 3021 440 3110 Pompeio
468 3019 628 3092 Siciliam
658 3035 691 3088 et
713 3019 915 3088 maritimos
937 3036 1161 3088 commeatus
1195 3036 1247 3088 te-

126 3154 248 3223 nente,
275 3153 447 3228 perpetuo
471 3135 660 3205 imminere
685 3135 778 3203 bella
800 3134 916 3203 civilia
935 3133 1161 3218 videbantur,
1186 3134 1248 3204 foe·

126 3254 213 3323 dere
229 3252 425 3322 Misenensi
440 3251 561 3343 potius
573 3252 801 3342 dilataquam
810 3268 996 3320 transacta.
1015 3251 1092 3319 Etsi
1105 3253 1246 3319 nullum

127 3368 272 3439 Horatii
293 3390 436 3453 carmen
454 3385 519 3452 est,
544 3369 640 3457 quod
669 3367 739 3435 illis
767 3389 852 3436 curn
883 3367 920 3438 S.
943 3366 1118 3458 Pompeio
1144 3367 1247 3436 bellis

159 3599 310 3674 (1)Epod.
323 3601 367 3656 ro.
376 3630 409 3641 -
418 3599 487 3656 Hoc
496 3617 618 3655 carmen
629 3599 668 3655 ad
677 3617 790 3655 annum
803 3601 933 3673 713,sub
943 3600 1062 3657 initium
1074 3601 1145 3657 belli
1157 3603 1249 3659 Peru-

120 3687 195 3759 sini,
207 3705 274 3744 cum
287 3689 681 3760 Krncunrleuaesfflor„
699 3689 889 3762 Naumburg,
909 3690 1030 3763 1834,p.
1048 3691 1106 3762 22),
1122 3691 1246 3746 Futura

117 3791 150 3834 et
182 3777 312 3848 Onam,
343 3777 421 3833 inter
444 3776 531 3844 alios,
553 3777 744 3834 referendum
773 3795 894 3848 censeo,
920 3778 989 3835 licet
1016 3779 1246 3835 Mrrscurturcn

116 3864 236 3940 aliique
251 3883 301 3922 an.
323 3883 377 3939 722
403 3865 550 3939 scriptum
571 3866 743 3939 opinentur.
762 3866 917 3938 Quicquid
932 3866 964 3921 id
976 3879 1032 3936 est,
1049 3866 1124 3923 nihil
1140 3880 1246 3924 nostro

115 3953 284 4030 proposito
301 3966 391 4011 nocet
408 3971 416 4010 t
433 3954 541 4011 melius
557 3954 647 4011 etiam
663 3973 732 4010 cum
746 3955 876 4011 Horatio
889 3968 1037 4026 ageretur,
1051 3955 1075 4012 si
1088 3972 1157 4012 eum
1169 3956 1245 4013 adeo

117 4044 219 4101 libere
234 4042 320 4116 loqui
335 4043 540 4115 crederemus,
556 4061 624 4100 cum
641 4044 700 4119 jam
712 4043 744 4101 in
755 4044 914 4101 Octaviani
926 4043 1089 4101 amicitiam
1103 4045 1245 4103 venisset.

159 4133 200 4205 (a)
217 4133 312 4188 Prur.
323 4133 403 4187 Sert.
420 4150 456 4205 93
473 4163 506 4174 -
521 4131 642 4190 Aenon.
661 4133 701 4188 od
715 4132 814 4207 Epod.
839 4134 882 4203 16,
898 4133 945 4204 43.
