2970 5280
642 545 683 558 ..
715 526 757 591 14
779 545 823 555 .-

174 651 334 742 gentiam
365 649 609 718 desiderarent
637 647 701 740 (r).
738 648 923 740 Perspexit
953 665 1072 717 autem
1103 648 1291 732 Horatius,

175 790 245 856 qua
272 784 346 835 erat
372 764 494 853 judicii
528 765 729 855 sagacitate,
758 764 1021 834 Alexandrinos
1051 765 1108 833 vix
1137 764 1293 855 amplius

176 883 371 974 quicquam
386 882 515 951 habere
529 882 626 971 quod
641 882 890 951 Romanorum
905 881 1031 951 litteris
1049 880 1292 972 perpoliendis

176 1000 390 1085 conferrent,
421 997 685 1088 sollicitamque
714 1020 839 1066 eorum
868 997 1106 1067 imitationem
1132 997 1231 1066 facile
1256 996 1291 1064 in

177 1138 289 1206 nugas
324 1114 533 1184 artificiosas
568 1113 764 1183 abituram.
796 1113 921 1213 'Igitur
957 1114 1001 1182 ab
1041 1111 1294 1182 Alexandrinis

177 1231 440 1322 exemplaribus
465 1231 726 1300 deflectendum
753 1252 830 1298 esse
853 1230 992 1299 censuit
1021 1231 1064 1298 ad
1091 1228 1295 1319 antiquiora

177 1347 404 1439 exemplaria,
432 1372 451 1416 a
483 1333 651 1415 derivatis
689 1347 813 1415 rivulis
845 1349 887 1415 ad
922 1347 1058 1436 primos
1098 1367 1295 1437 graecarum

177 1466 308 1534 artium
335 1463 464 1544 fontes,
497 1481 595 1532 ratus
624 1463 757 1533 scilicet
790 1492 807 1528 «
838 1465 974 1554 optima
1001 1485 1078 1531 esse
1099 1461 1296 1531 Graiorum

179 1581 309 1672 scripta
328 1603 480 1670 quaeque
494 1580 746 1670 antiquissima
764 1607 781 1643 »
801 1583 857 1669 (2).
880 1582 963 1649 Non
981 1602 1053 1670 quo
1069 1596 1187 1646 tamen
1205 1599 1296 1668 prae-

178 1696 396 1765 clarissimos
418 1697 747 1765 Alexandrinorum
764 1715 886 1785 poetas
902 1698 973 1765 alto
988 1694 1179 1785 supercilio
1197 1693 1296 1762 fasti·

179 1812 296 1898 dierit,
314 1834 396 1880 curn
412 1812 549 1902 aliquot
566 1813 652 1882 locis
669 1811 881 1882 Callimachi
903 1814 963 1903 (3),
985 1810 1168 1902 Apollonii
1193 1812 1240 1898 (4)
1262 1828 1297 1877 et

178 1928 362 1997 Theocriti
388 1930 436 2017 (5)
462 1930 586 2021 procul
610 1928 721 1997 dubio
739 1929 961 2013 meminerit;
981 1930 1041 1996 sed
1058 1952 1097 1997 ea
1115 1944 1198 1996 sunt
1216 1926 1297 1994 talis

180 2045 394 2115 imitationis
406 2045 554 2134 vestigia
566 2044 806 2115 utmanifesto
816 2064 983 2137 appareat
995 2045 1075 2112 illos
1087 2043 1130 2112 ab
1144 2041 1297 2111 Horatio

180 2161 266 2230 satis
285 2163 518 2251 perlustratos
535 2162 644 2230 fuisse
659 2163 719 2231 sed
735 2141 901 2231 consulto
915 2160 1182 2251 antiquioribus
1202 2177 1297 2249 post-

182 2277 331 2369 positos.

226 2393 321 2463 Cum
351 2416 442 2483 opus
468 2393 632 2484 lyricum,
659 2394 755 2464 velut
783 2412 897 2463 cetera
922 2394 1114 2484 cujuslibet
1139 2392 1293 2484 generis,

180 2511 321 2578 duabus
341 2509 573 2601 potissimum
597 2513 704 2580 rebus
723 2511 961 2596 contineatur,
979 2510 1142 2579 doctrina
1159 2526 1192 2577 et
1207 2525 1295 2592 arte,

181 2625 228 2694 ita
247 2644 286 2695 ut
312 2626 497 2695 sententiae
522 2643 613 2695 recte
640 2627 824 2717 dispositae
849 2644 930 2715 apta
954 2625 1154 2694 elocutione
1182 2625 1265 2716 prof
1284 2664 1298 2674 -

181 2758 319 2827 rantur,
336 2765 396 2810 eos
415 2741 482 2810 sibi
500 2761 663 2812 auctores
679 2765 751 2833 prae
771 2743 849 2812 aliis
863 2741 1058 2833 assumpsit
1075 2742 1137 2831 qui
1156 2741 1298 2832 amplis-

181 2856 310 2925 simam
341 2858 512 2926 doctrinae
549 2857 735 2927 materiam
767 2860 821 2927 vel
851 2857 1147 2949 perfectissimam
1181 2857 1299 2947 lyricae

180 2973 299 3064 poesis
325 2990 437 3042 artem
455 2975 749 3064 suppeditarent3
771 2977 814 3043 ab
841 2974 912 3042 illis
938 2973 1144 3060 sententias,
1174 2974 1217 3042 ab
1242 2974 1300 3041 his

181 3090 300 3180 operis
332 3090 439 3180 leges,
475 3090 519 3158 ab
551 3091 713 3182 utrisque
751 3090 893 3160 dicendi
936 3093 1073 3182 lepores
1113 3107 1301 3159 mutuatus

181 3223 235 3274 est
251 3208 308 3295 (6).

218 3424 261 3486 (1)
283 3418 329 3476 cf.
347 3419 463 3493 Coun,
478 3422 528 3478 Et.
552 3437 605 3478 sur
623 3421 752 3489 casuue,
768 3421 787 3478 ι.
805 3421 843 3491 11,
859 3407 908 3476 ch.
923 3439 944 3477 1.

218 3513 261 3576 (2)
281 3508 378 3582 Epist.
395 3529 425 3575 11,
447 3529 469 3577 r,
488 3511 534 3568 28.

219 3597 255 3666 (3)
276 3598 380 3656 Carm.
395 3617 413 3663 1,
431 3599 458 3671 3,
478 3619 506 3671 13
526 3601 570 3667 36,
592 3619 635 3672 14,
654 3612 712 3657 etc.

216 3686 254 3757 (4)
276 3687 380 3743 Carm.
400 3704 420 3756 r,
436 3706 483 3759 24,
501 3708 531 3746 2.

218 3775 255 3845 (5)
277 3776 382 3834 Carm.
403 3796 423 3847 1,
444 3795 487 3843 12,
505 3778 560 3843 30;
577 3796 615 3845 iv,
630 3778 658 3848 8,
675 3778 710 3833 32
726 3794 811 3850 seqq.

217 3866 255 3936 (ὁ)
272 3865 331 3936 Qui
347 3866 458 3924 luerint
470 3886 575 3924 omnes
588 3869 719 3925 Horatio
731 3865 1011 3942 graecitatislontes,
1021 3885 1082 3923 non
1094 3867 1197 3922 sinunt
1207 3866 1301 3941 hujus

181 3952 405 4011 dissertationis
432 3956 578 4029 angustiae
601 3957 720 4031 plenius
746 3955 880 4030 aperire;
904 3969 948 4014 sat
973 3956 1030 4013 erit
1045 3956 1216 4030 praecipuos
1234 3957 1300 4013 atti-

180 4041 270 4117 gisse.
288 4045 496 4102 Consulantur
520 4063 553 4102 ea
573 4048 609 4102 de
625 4064 655 4103 re
675 4047 732 4104 Th.
755 4041 894 4115 Annona,
914 4048 958 4103 De
973 4047 1106 4102 Horatio
1123 4047 1299 4102 Graecorum

183 4128 334 4190 imitatore
354 4134 466 4206 (Halis,
486 4135 578 4207 1846),
605 4148 634 4191 et
658 4137 825 4208 praesertim
851 4135 967 4200 (ἕηκε,
983 4153 1029 4211 op.
1046 4137 1107 4206 cit,
1122 4134 1181 4206 cui,
1198 4133 1229 4190 in
1243 4135 1300 4190 bac
