2954 5084
657 510 834 583 ..36-

190 678 331 748 porum,
360 655 493 746 quibus
518 656 616 740 vixit,
646 656 839 747 imaginem
866 656 995 724 referre
1020 656 1164 725 debent.
1194 656 1312 747 Igitur

189 774 333 862 qualem
349 797 385 841 se
407 772 442 840 in
459 771 696 862 depingendis
715 772 838 870 patriae
857 772 944 839 locis
973 790 1007 840 et
1035 772 1199 841 moribus
1217 795 1309 863 prae-

188 889 319 957 stiterit
350 889 524 957 Horatius
553 889 750 978 expendere
774 889 868 956 haud
887 888 1044 956 alienum
1072 912 1091 956 a
1120 889 1310 980 proposito

188 1006 366 1073 ducimus.

233 1123 315 1191 Non
332 1138 516 1190 esttamen
533 1121 630 1211 quod
647 1141 827 1210 exspectes
846 1139 885 1189 ut
905 1122 940 1189 in
960 1122 1047 1189 locis
1068 1122 1309 1213 depingendis

187 1238 325 1307 diutius
346 1239 552 1307 Venusinus
578 1255 699 1306 noster
723 1237 948 1322 immoretur,
967 1261 1116 1328 eamque
1144 1240 1308 1308 locorum

188 1355 384 1444 imaginem
399 1355 578 1437 ostendat,
596 1375 676 1443 quae
690 1353 779 1422 nihil
796 1354 992 1443 legentium
1004 1354 1135 1423 animis
1149 1357 1308 1445 amplius

187 1471 467 1539 desiderandum
483 1470 673 1559 relinquat.
697 1471 817 1560 Longe
835 1470 942 1537 aliam
962 1469 1072 1539 fuisse
1096 1472 1190 1560 apud
1212 1472 1307 1540 anti·

187 1609 278 1677 quos
297 1586 522 1656 describendi
539 1586 716 1654 rationem
732 1587 836 1654 multi
851 1586 921 1673 jam
933 1589 1305 1676 praemonueruntlr).

188 1704 355 1792 Namque
376 1704 462 1770 satis
490 1703 681 1784 habebant,
707 1701 749 1786 si,
773 1703 933 1769 Homero
960 1702 1062 1785 duce,
1089 1703 1215 1771 urbem
1240 1705 1307 1772 ali-

187 1842 309 1908 quam,
328 1818 479 1886 fluvium
499 1819 552 1885 vel
573 1834 734 1884 montem
758 1839 830 1885 uno
853 1819 906 1884 vel
932 1818 1042 1886 altero
1067 1819 1187 1902 verbo,
1205 1838 1240 1888 et
1262 1842 1307 1888 eo

187 1935 336 2023 quidem
365 1956 540 2024 perquam
577 1932 790 2023 significanti
827 1950 861 2000 et
892 1933 1050 2023 propriu,
1089 1935 1138 2001 ob'
1172 1936 1306 2004 mentis

186 2052 311 2119 oculos
323 2066 509 2139 ponerent,
526 2050 620 2116 unde
633 2048 751 2116 vivida
768 2050 934 2138 quaedam
949 2068 1153 2140 exsurgeret
1170 2050 1305 2143 imago,

186 2167 221 2234 in
251 2167 345 2234 bono
371 2165 506 2233 lumine
530 2166 712 2248 collocata,
739 2166 800 2232 sed
825 2166 1035 2234 adumbrata
1057 2167 1173 2256 magis
1192 2190 1305 2257 quam

186 2282 314 2350 ultimo
332 2280 665 2370 penicillodepicta.
686 2281 780 2369 Quae
796 2280 943 2370 quidem
963 2281 1188 2350 describendi
1211 2285 1303 2353 ratio

185 2422 226 2466 eo
248 2398 462 2487 pertinebat,
486 2416 524 2465 ut
540 2398 697 2486 legentes
713 2396 816 2464 claris
835 2397 905 2464 illis
922 2414 955 2465 et
971 2398 1193 2487 parcioribus
1211 2422 1304 2489 prae·

184 2514 296 2582 stricti
320 2514 515 2597 coloribus,
535 2535 606 2580 non
634 2513 678 2580 ad
705 2513 904 2581 satietatem
930 2515 1205 2599 delectarentur,
1223 2518 1302 2601 sed,

185 2632 304 2699 relicta
324 2629 391 2697 sibi
416 2627 595 2719 cogitandi
615 2646 648 2696 et
669 2628 890 2719 imaginandi
915 2629 1029 2720 copia,
1055 2630 1258 2700 inchoatam
1282 2655 1303 2700 a

184 2763 287 2838 poeta
313 2745 473 2814 tabulam
497 2767 618 2812 secum
646 2744 712 2833 ipsi
742 2745 963 2834 perficerent.
1000 2746 1173 2815 Nondum
1203 2747 1302 2815 enim

183 2876 395 2950 provenerat
411 2860 499 2932 illud
523 2878 710 2948 poetarum
726 2881 838 2949 genus
854 2859 915 2948 qui
933 2859 1013 2927 ideo
1031 2877 1172 2927 tanturn
1189 2878 1302 2928 terra-

182 2998 263 3044 rum
291 2975 380 3044 situs
409 2974 609 3044 describere
636 2974 815 3059 videntur,
839 2993 878 3042 ut
902 2975 1118 3063 describant,
1136 2977 1301 3067 adeoque

181 3091 284 3161 multi
301 3109 384 3159 sunt
401 3091 436 3158 in
454 3091 694 3180 producendis
722 3113 841 3160 rerum
865 3091 1084 3182 imaginibus
1110 3109 1149 3159 ut
1177 3093 1299 3181 potius

180 3208 365 3278 fastidium
383 3229 493 3297 quam
509 3207 660 3297 gratiam
678 3224 957 3297 consequantur.
978 3207 1176 3276 Horatiana
1188 3208 1299 3300 igitur

179 3324 336 3393 carmina
348 3322 397 3392 ita
412 3324 651 3407 revolvamus,
670 3340 709 3391 ut
726 3345 911 3413 nunquam
927 3323 1183 3392 obliviscamur
1197 3347 1293 3406 eum,

178 3441 326 3530 antiqua
350 3439 576 3508 describendi
602 3439 753 3524 ratione,
777 3456 817 3507 ut
845 3440 986 3529 parcius
1015 3440 1063 3507 ita
1091 3442 1296 3529 expressius

177 3556 300 3647 patriae
318 3554 470 3646 effigiem
486 3557 731 3624 adumbrasse.

221 3677 269 3743 ll.
298 3675 368 3757 En,
390 3674 584 3743 Horatium
598 3673 723 3756 secuti,
742 3674 1144 3766 Romamingredimur‚
1160 3674 1293 3765 princi-

174 3813 256 3883 pem
289 3791 434 3860 urbium
466 3792 524 3878 (2).
564 3789 710 3860 Sacram
736 3789 908 3858 metimur
940 3790 1045 3859 Viam
1066 3792 1122 3878 (3),
1150 3812 1293 3859 sacrum

207 4008 244 4079 (ι)
266 4005 311 4061 Cf.
330 4008 433 4076 Parra,
446 4006 561 4063 Etudes
576 4020 627 4060 sur
644 4004 673 4058 lu
684 4005 786 4077 poe'sie
801 3978 864 4069 tar,
881 4017 904 4059 t.
922 4005 943 4072 l,
962 4021 990 4076 p.
1010 4005 1075 4062 253.

206 4096 247 4166 (2)
269 4095 466 4165 Carm.1v,3,
484 4095 531 4153 13.

208 4184 248 4257 (3)
268 4184 365 4258 Epod.
377 4202 417 4251 rv,
432 4201 460 4256 7,
