2970 5280
650 503 828 592 ..39-

184 644 244 712 ubi
259 643 508 713 celeberrimas
530 645 694 735 regiones
708 666 912 713 memorans
927 649 1139 735 quaspoetae
1149 646 1304 716 summis

184 760 353 828 laudibus
373 761 539 829 extollere
552 760 727 844 solebant,
746 783 782 828 se
801 761 987 829 Tiburtini
1005 761 1079 852 agri
1113 763 1303 831 dulcedine

183 878 428 967 maximopere
446 877 557 945 teneri
576 878 764 968 profitetur
781 879 792 929 Ρ

339 999 355 1099 l
363 990 485 1103 Me]nec
506 1033 566 1076 tam
585 1019 714 1075 larissae
732 1020 881 1092 percussit
897 1037 1022 1093 campus
1036 1021 1158 1093 opimae,

453 1111 552 1178 Quam
568 1109 679 1165 domus
692 1109 840 1166 Albuneae
856 1109 1037 1181 resonantis,

362 1200 400 1254 Et
417 1215 552 1272 praeceps
567 1198 647 1254 nnio
664 1216 697 1254 ac
713 1198 842 1255 Tiburni
857 1199 943 1255 lucus
960 1211 990 1255 et
1004 1200 1064 1256 uda

449 1287 616 1344 Mobilibus
632 1287 769 1362 pomaria
789 1287 884 1355 rivis(
904 1295 925 1355 ).

182 1441 282 1530 Quid
299 1441 442 1509 brevius
464 1441 572 1509 simul
599 1459 633 1510 et
658 1441 860 1530 expressius
884 1441 1075 1532 excogitari
1092 1442 1220 1531 potuit,
1262 1460 1301 1511 ut

181 1557 339 1647 regionis
367 1556 614 1626 amoenitatem
643 1558 774 1626 tabulae
805 1556 962 1626 suavitas
995 1559 1301 1648 aequaretiHanc

181 1674 304 1742 sedem
321 1691 472 1742 senectae
491 1691 525 1741 et
536 1674 701 1742 laborum
715 1674 877 1764 requiem
900 1673 1111 1771 precabatur
1124 1674 1186 1764 (a),
1205 1676 1299 1744 unde
1354 1749 1356 1755 ,

179 1790 209 1858 si
231 1791 351 1858 Parcae
367 1791 599 1881 prohiberent
616 1790 763 1880 iniquae,
782 1791 887 1858 molle
907 1791 1107 1858 Tarentum
1122 1791 1299 1880 petiturus

179 1925 271 1976 erat.

226 2023 405 2112 Quamvis
425 2023 561 2091 Tibure
590 2039 694 2114 poeta
720 2022 917 2090 admodum
948 2023 1194 2106 delectaretur,
1226 2045 1297 2090 non

179 2163 222 2208 eo
239 2158 358 2208 tamen
373 2139 606 2230 potissimum
621 2138 812 2228 confugere
828 2155 1044 2222 assueverat,
1068 2156 1106 2206 ut
1125 2138 1169 2206 ab
1194 2139 1297 2207 urba-

180 2256 237 2324 nis
252 2255 377 2324 officiis
394 2257 584 2345 respiraret
604 2277 612 2340 ;
630 2256 705 2339 sed,
719 2273 912 2346 postquam
932 2257 1082 2324 Platona
1098 2257 1298 2325 Menandro

180 2375 375 2463 stipaverat
394 2425 402 2456 ,
422 2372 578 2463 Eupolin
595 2389 701 2462 atque
718 2372 979 2440 Archilochum
993 2372 1142 2440 comites
1167 2373 1297 2440 eduxe-

179 2505 233 2557 rat
251 2490 310 2577 (3),
335 2490 426 2557 ultra
447 2488 661 2556 Tiburtinos
683 2489 791 2556 colles
816 2489 965 2556 tendens
994 2488 1060 2556 iter
1090 2489 1125 2555 in
1153 2487 1297 2559 Sabinis

180 2605 272 2672 inter
291 2606 426 2673 litteras
447 2605 695 2672 rusticabatur.
723 2604 776 2672 lbi
796 2605 839 2672 ad
857 2604 965 2694 pedes
983 2603 1117 2672 amoeni
1140 2604 1298 2672 Lucreti·
1408 2673 1411 2680 ,

178 2721 222 2788 lis
244 2723 302 2809 (4),
332 2721 368 2788 in
400 2723 543 2789 reducta
571 2721 659 2788 valle
687 2720 869 2790 Caniculae
900 2719 1033 2788 vitabat
1059 2738 1180 2802 aestuS,
1209 2720 1296 2787 dum

180 2853 367 2928 pastorum
384 2837 501 2905 fistula
517 2837 625 2905 valles
640 2853 674 2904 et
695 2836 829 2908 Usticae
845 2837 1009 2905 cubantis
1026 2837 1116 2904 levia
1134 2858 1298 2926 persona-

182 2953 268 3021 bant
286 2954 390 3037 saxass
409 2953 568 3042 satisque
596 2954 719 3021 beatus
745 2952 860 3021 unicis
887 2952 1044 3037 Sabinis,
1076 2951 1165 3020 nihil
1192 2975 1299 3044 supra

180 3071 265 3137 deos
282 3069 488 3152 lacessebat,
506 3092 569 3136 nec
591 3087 773 3159 potentem
800 3069 957 3136 amicum
978 3068 1130 3159 largiora
1162 3069 1297 3159 flagita·

180 3185 239 3253 bat
259 3188 320 3274 (5).
340 3185 447 3273 Quod
466 3187 510 3253 ad
529 3186 623 3253 hunc
638 3185 838 3276 imaginum
855 3185 1112 3252 suavissimum
1140 3186 1297 3252 colorem

179 3302 374 3385 attinet,ne
391 3301 575 3370 arbitreris
593 3303 786 3369 Horatium
802 3301 949 3392 proprio
962 3300 1296 3392 ingeni0,sollemni

181 3435 368 3508 poetarum
385 3440 499 3502 more,
521 3418 630 3486 nimis
654 3418 867 3486 indulsissse
885 3443 894 3501 ς
915 3440 1039 3485 verum
1058 3418 1146 3485 adeo
1171 3434 1297 3485 cuncta

182 3536 224 3601 ad
241 3535 378 3618 vivum,
396 3554 434 3603 ut
451 3535 498 3602 ita
517 3534 649 3619 dicam,
665 3557 682 3602 e
701 3552 827 3602 natura
845 3533 1031 3623 expressit,
1049 3551 1087 3602 ut
1117 3534 1200 3602 hace
1222 3535 1296 3600 sola

215 3772 252 3839 (ι)
275 3768 380 3824 Carm.
401 3785 425 3835 1,
442 3769 528 3838 7,'1r.

215 3861 254 3925 ta)
275 3857 384 3913 Carm.
400 3874 431 3920 11,
446 3857 474 3918 6,
494 3857 507 3910 5
524 3872 612 3927 seqq.
714 3849 718 3858 ⁸

214 3945 256 4016 (3)
276 3947 345 4003 Sat.
369 3962 400 4009 rr,
424 3944 516 4013 3,11.

217 4036 254 4105 (4)
271 4034 382 4092 Carm.
406 4051 429 4098 1,
451 4051 494 4106 17,
513 4053 523 4088 1
541 4051 626 4106 seqq.

215 4124 254 4195 (5)
275 4122 381 4179 Carm.
398 4140 428 4189 n,
454 4123 497 4191 18,
518 4141 545 4177 ιι
565 4139 653 4195 seqq.
