2970 5280
658 552 702 566 ..
729 517 840 605 57..

229 660 386 750 Quoties
411 658 500 728 illud
539 659 660 748 ipsum
691 656 906 727 Hannibalis
933 677 1065 724 nomen
1092 677 1152 725 ore
1186 674 1303 747 poetae

185 776 330 859 excidit,
363 776 496 867 grande
528 773 666 864 aliquid
698 796 843 854 sonans,
875 773 1105 864 magnificum
1146 794 1303 842 romanae

183 892 329 961 ‚virtutis
346 893 619 976 documentum,
637 907 885 981 aeternumque
900 889 1183 981 praeclarissimae
1197 890 1302 959 victo-

184 1007 248 1077 riae
263 1009 372 1076 decus
389 1013 395 1076 l
414 1009 470 1096 (ι).
491 1007 561 1075 Hic
577 1006 687 1092 enim,
705 1022 802 1075 tanta
819 1029 855 1074 se
879 1006 1101 1075 Punicorum
1125 997 1302 1075 bellorum

184 1123 423 1193 admiratione
441 1122 552 1191 teneri
577 1140 611 1191 et
634 1124 792 1213 quodam
818 1122 926 1190 modo
945 1121 1137 1213 perstringi
1159 1121 1301 1206 fatetur,

183 1258 224 1309 ut
249 1239 293 1307 iis
315 1239 473 1308 carmine
498 1240 660 1308 dicendis
681 1240 856 1329 imparem
877 1260 980 1307 suam
997 1238 1169 1307 citharam
1187 1240 1302 1308 decla·

183 1373 237 1426 ret
254 1357 318 1443 (2);
335 1355 407 1423 illic
420 1376 517 1440 vero,
534 1357 620 1424 dum
638 1355 746 1424 Drusi
763 1355 887 1424 laudes
902 1355 1142 1445 persequitur,
1162 1356 1303 1424 Hanni·

184 1473 302 1542 balem
320 1472 458 1541 inducit
474 1473 572 1541 clade
589 1472 633 1540 ab
656 1472 884 1541 Hasdrubale
900 1488 1040 1561 accepta
1063 1471 1097 1539 in
1122 1494 1302 1540 summam

183 1610 305 1658 rerum
318 1589 605 1678 desperationem
614 1589 794 1673 adactum,
804 1589 1106 1678 confitentemque
1117 1591 1301 1657 Romanos

181 1723 221 1773 ut
244 1704 406 1772 cladibus
431 1727 619 1794 nunquam
644 1703 805 1795 infringi,
830 1705 877 1773 ita
898 1726 1009 1772 novas
1031 1703 1114 1772 inde
1130 1705 1225 1773 vires
1246 1690 1304 1773 su·

182 1842 280 1889 mere
300 1820 358 1910 (3).
382 1821 466 1910 Quo
490 1821 638 1912 quidem
665 1837 779 1910 poetae
800 1820 949 1890 artificio
966 1820 1054 1911 quid
1077 1820 1312 1911 ingeniosius·

182 1952 246 2004 aut
261 1935 438 2006 efficacius
450 1937 641 2028 excogitari
654 1955 784 2028 potest,
797 1960 870 2028 quo
881 1959 1030 2006 romana
1040 1937 1154 2006 virtus
1166 1939 1303 2034 eluceat

183 2052 323 2143 magis?

227 2169 548 2258 Quemadmodum
565 2192 648 2239 vero
661 2169 771 2261 partis
783 2169 871 2238 olim
886 2171 1045 2238 victoriis
1059 2169 1211 2239 exsultat
1228 2171 1301 2238 Ho-

180 2285 308 2371 ratius,
320 2285 517 2354 sicinustas
530 2285 667 2355 nomini
684 2308 834 2354 romano
848 2285 1299 2376 ignominiasindignatur3

180 2418 288 2492 atque
310 2402 405 2470 haud
427 2402 501 2470 scio
517 2424 562 2470 an
578 2401 692 2493 magis
707 2423 894 2470 romanam
912 2419 1070 2470 mentem
1098 2403 1134 2470 in
1152 2402 1216 2470 hac
1231 2402 1299 2471 cla·

180 2517 249 2603 dis,
268 2539 378 2608 quam
403 2517 439 2586 in
462 2517 523 2586 illa
543 2518 775 2588 victoriarum
804 2518 1145 2587 commemoratione
1172 2540 1301 2608 agnos-

180 2654 258 2702 cere
287 2632 495 2702 debeamus.
515 2635 645 2703 Nonne
673 2634 770 2702 enirn
794 2633 937 2723 penitus
959 2658 1000 2703 ex
1027 2634 1150 2703 animo
1177 2634 1300 2726 patriae

180 2747 432 2818 amantissimo
444 2749 744 2840 prolectumillud
755 2772 896 2818 carmen
911 2768 964 2819 est
973 2752 1031 2840 (4),
1045 2772 1118 2841 quo
1130 2751 1166 2818 in
1178 2750 1299 2820 Crassi

181 2864 314 2933 milites
335 2866 651 2934 vehementissime
669 2867 863 2950 invehitur,
877 2867 938 2957 qui
952 2868 1041 2935 adeo
1054 2867 1186 2936 suimet
1197 2866 1300 2936 obliti

180 2998 214 3048 et
231 3004 251 3049 a
268 2979 447 3069 majorum
478 2969 609 3050 virtute
636 2982 830 3071 degeneres
848 2981 1005 3066 luerunt,
1026 3002 1077 3066 ut,
1105 3001 1299 3073 postquam

181 3112 324 3186 turpem
339 3096 561 3166 deditionem
578 3098 738 3166 honestae
756 3097 862 3166 morti
881 3099 1185 3188 anteposuissent,
1202 3098 1299 3168 inco·

182 3211 268 3279 lumi
287 3213 375 3281 Jove
393 3231 427 3280 et
446 3213 533 3282 urbe
559 3213 689 3298 Roma,
707 3236 789 3281 cum
814 3215 1033 3283 Parthorum
1053 3215 1196 3283 leminis
1216 3237 1299 3306 pro·

184 3326 288 3395 brosa
304 3327 438 3396 inirent
453 3329 684 3398 matrimonia
700 3331 711 3396 ?
727 3330 810 3420 Qua
828 3330 871 3399 ab
900 3331 1099 3421 ignominia
1117 3349 1155 3401 ut
1174 3332 1299 3422 paulu·

181 3440 255 3509 lum
300 3459 458 3511 mentem
497 3442 807 3535 indignabundam
853 3447 997 3530 reficiat,
1031 3448 1211 3537 simulque
1253 3446 1298 3514 ad

180 3555 431 3628 fortitudinem
474 3559 568 3628 cives
611 3560 830 3647 cohortetur,
866 3562 986 3631 statim
1029 3562 1298 3632 nobilissimum

213 3855 253 3925 (ι)
273 3855 964 3932 Corm.11,12,2;1u,6,3631v,4‚19.-8,
986 3861 1037 3927 163
1056 3859 1152 3932 Epod.
1175 3861 1215 3926 16,
1234 3860 1262 3916 8.

215 3944 255 4014 (a)
275 3944 382 4001 Carm.
398 3964 429 4011 rr,
450 3965 494 4011 12,
514 3965 536 4004 1.

215 4033 252 4102 l3l
273 4033 382 4090 Carm.
397 4053 437 4098 ιν,
450 4053 479 4105 4,
494 4053 546 4109 49.

215 4125 250 4192 l4l
272 4122 379 4180 Carm.
397 4140 439 4190 111,
456 4124 481 4192 5,
499 4124 513 4180 5
530 4141 618 4199 seqq.
