2970 5280
641 523 685 532 ..
709 504 751 569 42
780 523 821 534 ..

460 652 582 708 Mordet
602 669 679 726 aqua
693 651 863 707 taciturnus
879 651 976 708 amnis
993 654 1046 723 (1),
1113 717 1117 724 ,

175 787 229 855 vel
247 801 390 876 gratum
404 778 570 869 Antium,
594 787 763 855 Fortunae
781 787 916 875 templo
936 784 1207 853 nobilissimum
1225 785 1295 874 (2);

175 904 228 971 vel
245 903 458 985 Tusculum,
480 901 827 971 villis'candentibus
846 903 913 969 late
931 902 1123 991 spectabile
1139 902 1196 990 (3),
1231 901 1295 970 iri-

175 1020 373 1110 gidumque
395 1019 577 1088 Praeneste
599 1020 658 1107 (4),
683 1046 699 1082 α
717 1004 870 1102 aestivas,
887 1034 925 1085 ut
947 1017 996 1085 ait
1029 1018 1171 1099 Florus,
1203 1017 1293 1086 deli·

175 1134 247 1203 cias
265 1161 283 1196 »
300 1136 359 1222 (5).

220 1250 328 1338 Quod
346 1250 375 1316 si
392 1273 431 1318 ea
452 1252 578 1319 Romae
595 1269 628 1319 et
648 1251 758 1319 Italiae
780 1250 1055 1334 delineamenta,
1080 1272 1213 1339 eosque
1234 1272 1294 1318 co·

176 1368 268 1435 lores
289 1365 326 1434 in
345 1388 459 1434 unum
487 1366 742 1448 contraximus,
769 1367 863 1434 unde
881 1389 953 1434 una
972 1365 1169 1434 efficeretur
1189 1367 1293 1456 quasi

175 1483 295 1551 tabula
312 1483 355 1550 ab
374 1483 527 1551 Horatio
551 1483 705 1572 depicta,
728 1506 799 1550 non
825 1501 878 1551 est
896 1504 958 1550 cur
980 1504 1168 1551 vereamur
1184 1504 1228 1549 ne
1258 1482 1294 1550 in

176 1599 492 1688 reprehensionem
509 1598 734 1666 incurramus
752 1598 849 1688 quod
870 1599 993 1666 fucum
1010 1597 1122 1667 facere
1138 1597 1295 1665 volueri-

176 1737 271 1799 mus,
292 1737 364 1805 quo
387 1715 517 1783 melius
536 1737 684 1783 romana
710 1714 886 1783 horatiani
914 1714 1048 1804 ingenii
1071 1731 1197 1782 natura
1218 1714 1295 1781 elu-

175 1848 268 1899 ceret
286 1851 293 1898 :
311 1831 426 1899 multo
442 1831 555 1922 magis
572 1832 776 1899 timendum
792 1850 844 1899 est
862 1853 904 1897 ne
921 1853 961 1898 ea
977 1830 1164 1898 obscurata
1183 1829 1295 1897 nimis

177 1947 234 2015 sit.
249 1948 496 2036 Namquenon
510 1949 567 2016 hic
583 1966 644 2016 aut
656 1947 727 2015 illic
737 1948 869 2040 patrias
881 1947 1055 2037 imagines
1072 1945 1296 2015 carminibus

178 2064 251 2130 suis
278 2064 446 2154 inspersit
470 2064 665 2147 Horatius,
693 2065 754 2132 sed
785 2087 894 2155 pauca
916 2065 1112 2132 admodum
1136 2062 1295 2151 reperias

178 2181 238 2248 ubi
262 2203 393 2248 nomen
416 2181 562 2270 aliquod
580 2182 632 2248 vel
650 2180 758 2249 etiam
774 2180 911 2271 pictura
933 2202 1124 2248 romanum
1142 2178 1296 2268 scripto·

177 2319 250 2364 rem
271 2319 340 2364 non
357 2296 486 2386 prodat
504 2319 511 2364 :
532 2297 657 2380 immo,
684 2321 726 2367 ne
743 2297 832 2388 illud
848 2297 995 2386 quidem
1012 2318 1170 2365 romanae
1184 2294 1297 2384 origi·

177 2413 232 2480 nis
259 2413 404 2502 signum
429 2413 473 2480 ab
501 2413 544 2480 iis
575 2413 764 2502 poematiis
790 2415 914 2480 abesse
938 2413 1050 2481 voluit
1077 2434 1157 2503 quae
1175 2432 1295 2501 graeco

176 2545 580 2623 constantargumentO,
596 2526 638 2596 ut
657 2550 788 2619 graecas
818 2530 1011 2598 sententias
1039 2529 1126 2613 juris
1153 2527 1296 2594 romani

176 2645 283 2713 iactas
300 2668 376 2737 esse
394 2644 589 2734 intellegas.
607 2645 699 2733 Quae
715 2646 862 2736 quidem
881 2645 1004 2736 patriae
1021 2645 1126 2713 toties
1140 2665 1297 2712 comme-

176 2762 360 2829 morandae
381 2762 433 2828 vel
462 2760 697 2851 depingendae
715 2761 805 2829 ratio
823 2767 933 2852 quam
959 2761 1135 2830 Romanis
1156 2761 1298 2850 placere

176 2877 352 2959 debuerit,
383 2899 423 2944 ex
455 2876 725 2966 nobismetipsis
752 2899 911 2968 quaerere
937 2900 1143 2968 possumus.
1173 2875 1298 2964 Quem

177 2991 274 3060 enim
295 3014 364 3059 non
384 2992 535 3060 delectat
557 3015 615 3060 eas
642 2993 804 3084 regiones
820 2993 975 3084 reperire
990 2995 1084 3082 apud
1102 2991 1298 3080 scriptores

177 3109 221 3176 ad
239 3130 364 3175 verum
380 3130 576 3198 expressas,
595 3109 780 3198 inquibus
805 3110 972 3190 viximus,
998 3133 1088 3198 quas
1111 3107 1218 3176 etiam
1234 3099 1297 3176 ¹vel

178 3223 436 3315 peregrinando
455 3226 646 3292 novimus?
662 3226 916 3322 Redintegrata
931 3227 1092 3293 locorum
1104 3224 1295 3310 memoria,

104 3427 105 3431 Ἰ
178 3362 302 3408 rursus
331 3341 374 3409 iis
397 3340 552 3409 fruimur
574 3363 654 3431 quae
676 3342 847 3426 vidimus,
871 3360 905 3410 et
923 3359 1088 3410 naturam
1113 3339 1297 3423 admirati,

178 3456 359 3526 sollertem
384 3475 496 3548 poetae
517 3474 642 3541 artem,
663 3476 797 3527 naturae
812 3460 992 3541 aemulam,
1015 3456 1162 3547 perinde
1180 3455 1298 3523 admi-

178 3586 300 3640 ramur
320 3595 359 3640 ac
385 3574 413 3640 si
436 3574 642 3664 pingentem
670 3591 827 3664 poetam,
855 3572 1132 3642 communicatis
1162 3571 1299 3640 nostris

215 3793 253 3862 (1)
271 3792 374 3847 Carm.
393 3813 413 3856 1,
432 3793 477 3863 31,
493 3813 520 3866 7.

213 3883 253 3950 (2)
270 3881 375 3937 Carm.
392 3901 412 3951 1,
431 3882 476 3944 35,
498 3902 519 3937 1.

215 3969 252 4040 (3)
270 3970 367 4043 Epod.
388 3990 407 4034 1,
429 3989 478 4044 ²9·

116 4073 118 4079 ·
215 4061 253 4130 (4)
268 4058 375 4116 Carm.
392 4077 434 4130 ru,
449 4079 478 4129 4,
495 4077 544 4117 22.

213 4148 256 4224 (5)
275 4148 366 4205 Fron.
386 4150 461 4219 l,x1,
476 4167 502 4224 7.
