<?xml version="1.0" encoding="UTF-8"?>
<!DOCTYPE html PUBLIC "-//W3C//DTD XHTML 1.0 Transitional//EN"
    "http://www.w3.org/TR/xhtml1/DTD/xhtml1-transitional.dtd">
<html xmlns="http://www.w3.org/1999/xhtml" xml:lang="en" lang="en">
 <head>
  <title>
</title>
<meta http-equiv="Content-Type" content="text/html;charset=utf-8" />
  <meta name='ocr-system' content='tesseract 3.04.00' />
  <meta name='ocr-capabilities' content='ocr_page ocr_carea ocr_par ocr_line ocrx_word'/>
</head>
<body>
  <div class='ocr_page' id='page_1' title='image "./quidvereromanum00devagoog_0062.png"; bbox 0 0 2970 5280; ppageno 0'>
   <div class='ocr_carea' id='block_1_1' title="bbox 659 523 839 591">
    <p class='ocr_par' dir='ltr' id='par_1_1' title="bbox 659 523 839 591">
     <span class='ocr_line' id='line_1_1' title="bbox 659 523 839 591; baseline 0.006 -17"><span class='ocrx_word' id='word_1_1' title='bbox 659 523 839 591; x_wconf 76' lang='grc'>..53-</span> 
     </span>
    </p>
   </div>
   <div class='ocr_carea' id='block_1_2' title="bbox 178 663 1392 3899">
    <p class='ocr_par' dir='ltr' id='par_1_2' title="bbox 184 663 1305 972">
     <span class='ocr_line' id='line_1_2' title="bbox 186 663 1304 755; baseline 0.008 -25"><span class='ocrx_word' id='word_1_2' title='bbox 186 663 439 754; x_wconf 88' lang='lat' dir='ltr'>desperassent</span> <span class='ocrx_word' id='word_1_3' title='bbox 459 663 519 755; x_wconf 84' lang='lat'>(1),</span> <span class='ocrx_word' id='word_1_4' title='bbox 552 665 640 755; x_wconf 94' lang='lat' dir='ltr'>quid</span> <span class='ocrx_word' id='word_1_5' title='bbox 670 664 846 751; x_wconf 91' lang='lat' dir='ltr'>dicamus,</span> <span class='ocrx_word' id='word_1_6' title='bbox 879 667 947 735; x_wconf 90' lang='lat' dir='ltr'>nisi</span> <span class='ocrx_word' id='word_1_7' title='bbox 977 669 1165 754; x_wconf 91' lang='lat' dir='ltr'>Romanis,</span> <span class='ocrx_word' id='word_1_8' title='bbox 1188 687 1304 739; x_wconf 89' lang='lat' dir='ltr'>vetere</span> 
     </span>
     <span class='ocr_line' id='line_1_3' title="bbox 185 781 1305 876; baseline 0.004 -26"><span class='ocrx_word' id='word_1_9' title='bbox 185 803 222 850; x_wconf 89' lang='lat' dir='ltr'>re</span> <span class='ocrx_word' id='word_1_10' title='bbox 237 781 393 872; x_wconf 92' lang='lat' dir='ltr'>publica,</span> <span class='ocrx_word' id='word_1_11' title='bbox 406 781 529 871; x_wconf 87' lang='lat' dir='ltr'>patriae</span> <span class='ocrx_word' id='word_1_12' title='bbox 546 802 709 850; x_wconf 90' lang='lat' dir='ltr'>amorem</span> <span class='ocrx_word' id='word_1_13' title='bbox 733 799 931 852; x_wconf 89' lang='lat' dir='ltr'>ceterarum</span> <span class='ocrx_word' id='word_1_14' title='bbox 950 783 1126 854; x_wconf 91' lang='lat' dir='ltr'>virtutum</span> <span class='ocrx_word' id='word_1_15' title='bbox 1147 803 1253 876; x_wconf 91' lang='lat' dir='ltr'>caput</span> <span class='ocrx_word' id='word_1_16' title='bbox 1273 803 1305 855; x_wconf 90' lang='lat' dir='ltr'>et</span> 
     </span>
     <span class='ocr_line' id='line_1_4' title="bbox 184 896 696 972; baseline 0.002 -7"><span class='ocrx_word' id='word_1_17' title='bbox 184 896 322 966; x_wconf 81' lang='lat' dir='ltr'>iontem</span> <span class='ocrx_word' id='word_1_18' title='bbox 339 897 546 967; x_wconf 82' lang='lat' dir='ltr'>exstitisse?</span> <span class='ocrx_word' id='word_1_19' title='bbox 618 966 621 972; x_wconf 73' lang='grc'><strong><em>,</em></strong></span> <span class='ocrx_word' id='word_1_20' title='bbox 694 943 696 947; x_wconf 54' lang='lat'>&gt;</span> 
     </span>
    </p>

    <p class='ocr_par' dir='ltr' id='par_1_3' title="bbox 178 1013 1392 3899">
     <span class='ocr_line' id='line_1_5' title="bbox 232 1013 1304 1104; baseline 0.006 -23"><span class='ocrx_word' id='word_1_21' title='bbox 232 1013 410 1103; x_wconf 90' lang='lat' dir='ltr'>Quamvis</span> <span class='ocrx_word' id='word_1_22' title='bbox 427 1014 486 1083; x_wconf 89' lang='lat' dir='ltr'>illa</span> <span class='ocrx_word' id='word_1_23' title='bbox 498 1013 570 1082; x_wconf 93' lang='lat' dir='ltr'>sint</span> <span class='ocrx_word' id='word_1_24' title='bbox 587 1036 669 1104; x_wconf 87' lang='lat' dir='ltr'>quae</span> <span class='ocrx_word' id='word_1_25' title='bbox 685 1015 851 1083; x_wconf 91' lang='lat' dir='ltr'>omnium</span> <span class='ocrx_word' id='word_1_26' title='bbox 867 1017 1144 1087; x_wconf 84' lang='lat' dir='ltr'>admirationem</span> <span class='ocrx_word' id='word_1_27' title='bbox 1161 1040 1304 1087; x_wconf 89' lang='lat' dir='ltr'>movere</span> 
     </span>
     <span class='ocr_line' id='line_1_6' title="bbox 185 1129 1303 1221; baseline 0.004 -24"><span class='ocrx_word' id='word_1_28' title='bbox 185 1129 351 1214; x_wconf 88' lang='lat' dir='ltr'>debeant,</span> <span class='ocrx_word' id='word_1_29' title='bbox 362 1151 405 1197; x_wconf 90' lang='lat' dir='ltr'>en</span> <span class='ocrx_word' id='word_1_30' title='bbox 419 1129 517 1199; x_wconf 91' lang='lat' dir='ltr'>aliud</span> <span class='ocrx_word' id='word_1_31' title='bbox 534 1130 762 1221; x_wconf 86' lang='lat' dir='ltr'>praestantius</span> <span class='ocrx_word' id='word_1_32' title='bbox 778 1132 945 1200; x_wconf 90' lang='lat' dir='ltr'>occurrit.</span> <span class='ocrx_word' id='word_1_33' title='bbox 960 1131 1054 1201; x_wconf 88' lang='lat' dir='ltr'>Cum</span> <span class='ocrx_word' id='word_1_34' title='bbox 1067 1133 1196 1218; x_wconf 92' lang='lat' dir='ltr'>Roma,</span> <span class='ocrx_word' id='word_1_35' title='bbox 1212 1134 1303 1202; x_wconf 92' lang='lat' dir='ltr'>Latii</span> 
     </span>
     <span class='ocr_line' id='line_1_7' title="bbox 183 1245 1304 1339; baseline 0.004 -26"><span class='ocrx_word' id='word_1_36' title='bbox 183 1245 317 1314; x_wconf 90' lang='lat' dir='ltr'>finibus</span> <span class='ocrx_word' id='word_1_37' title='bbox 331 1268 485 1337; x_wconf 87' lang='lat' dir='ltr'>egressa,</span> <span class='ocrx_word' id='word_1_38' title='bbox 506 1246 631 1315; x_wconf 89' lang='lat' dir='ltr'>ceteris</span> <span class='ocrx_word' id='word_1_39' title='bbox 650 1247 762 1315; x_wconf 88' lang='lat' dir='ltr'>ltaliae</span> <span class='ocrx_word' id='word_1_40' title='bbox 779 1248 936 1339; x_wconf 92' lang='lat' dir='ltr'>populis,</span> <span class='ocrx_word' id='word_1_41' title='bbox 963 1248 1117 1317; x_wconf 92' lang='lat' dir='ltr'>civitatis</span> <span class='ocrx_word' id='word_1_42' title='bbox 1144 1251 1304 1334; x_wconf 87' lang='lat' dir='ltr'>nomine,</span> 
     </span>
     <span class='ocr_line' id='line_1_8' title="bbox 183 1361 1301 1455; baseline 0.003 -25"><span class='ocrx_word' id='word_1_43' title='bbox 183 1361 311 1451; x_wconf 83' lang='lat' dir='ltr'>jugum</span> <span class='ocrx_word' id='word_1_44' title='bbox 329 1361 576 1452; x_wconf 80' lang='lat' dir='ltr'>imposuisset,</span> <span class='ocrx_word' id='word_1_45' title='bbox 593 1382 672 1431; x_wconf 91' lang='lat' dir='ltr'>utra</span> <span class='ocrx_word' id='word_1_46' title='bbox 690 1363 972 1452; x_wconf 88' lang='lat' dir='ltr'>provincialibus</span> <span class='ocrx_word' id='word_1_47' title='bbox 989 1364 1075 1433; x_wconf 91' lang='lat' dir='ltr'>viris</span> <span class='ocrx_word' id='word_1_48' title='bbox 1092 1366 1205 1455; x_wconf 88' lang='lat' dir='ltr'>patria</span> <span class='ocrx_word' id='word_1_49' title='bbox 1222 1366 1301 1447; x_wconf 85' lang='lat' dir='ltr'>fuit,</span> 
     </span>
     <span class='ocr_line' id='line_1_9' title="bbox 182 1479 1304 1570; baseline 0.004 -25"><span class='ocrx_word' id='word_1_50' title='bbox 182 1479 309 1546; x_wconf 90' lang='lat' dir='ltr'>civitas</span> <span class='ocrx_word' id='word_1_51' title='bbox 326 1501 366 1547; x_wconf 88' lang='lat' dir='ltr'>ex</span> <span class='ocrx_word' id='word_1_52' title='bbox 385 1501 456 1569; x_wconf 92' lang='lat' dir='ltr'>qua</span> <span class='ocrx_word' id='word_1_53' title='bbox 478 1479 560 1560; x_wconf 90' lang='lat' dir='ltr'>orti,</span> <span class='ocrx_word' id='word_1_54' title='bbox 583 1501 627 1547; x_wconf 92' lang='lat' dir='ltr'>an</span> <span class='ocrx_word' id='word_1_55' title='bbox 646 1479 771 1547; x_wconf 87' lang='lat' dir='ltr'>civitas</span> <span class='ocrx_word' id='word_1_56' title='bbox 788 1481 824 1546; x_wconf 94' lang='lat' dir='ltr'>in</span> <span class='ocrx_word' id='word_1_57' title='bbox 843 1503 953 1570; x_wconf 91' lang='lat' dir='ltr'>quam</span> <span class='ocrx_word' id='word_1_58' title='bbox 970 1481 1071 1549; x_wconf 93' lang='lat' dir='ltr'>acciti</span> <span class='ocrx_word' id='word_1_59' title='bbox 1091 1484 1214 1551; x_wconf 83' lang='lat' dir='ltr'>erant?</span> <span class='ocrx_word' id='word_1_60' title='bbox 1237 1485 1304 1550; x_wconf 82' lang='lat' dir='ltr'>Ar·</span> 
     </span>
     <span class='ocr_line' id='line_1_10' title="bbox 184 1595 1302 1687; baseline 0.001 -23"><span class='ocrx_word' id='word_1_61' title='bbox 184 1596 289 1687; x_wconf 90' lang='lat' dir='ltr'>pinas</span> <span class='ocrx_word' id='word_1_62' title='bbox 314 1617 359 1663; x_wconf 91' lang='lat' dir='ltr'>an</span> <span class='ocrx_word' id='word_1_63' title='bbox 383 1596 570 1664; x_wconf 91' lang='lat' dir='ltr'>Romanus</span> <span class='ocrx_word' id='word_1_64' title='bbox 598 1595 735 1666; x_wconf 86' lang='lat' dir='ltr'>Marius</span> <span class='ocrx_word' id='word_1_65' title='bbox 758 1595 933 1665; x_wconf 91' lang='lat' dir='ltr'>dicendus</span> <span class='ocrx_word' id='word_1_66' title='bbox 954 1599 1033 1665; x_wconf 88' lang='lat' dir='ltr'>est?</span> <span class='ocrx_word' id='word_1_67' title='bbox 1056 1599 1155 1667; x_wconf 92' lang='lat' dir='ltr'>Num</span> <span class='ocrx_word' id='word_1_68' title='bbox 1180 1598 1302 1665; x_wconf 88' lang='lat' dir='ltr'>minus</span> 
     </span>
     <span class='ocr_line' id='line_1_11' title="bbox 183 1711 1301 1803; baseline 0.001 -23"><span class='ocrx_word' id='word_1_69' title='bbox 183 1734 372 1781; x_wconf 85' lang='lat' dir='ltr'>romanam</span> <span class='ocrx_word' id='word_1_70' title='bbox 387 1712 540 1803; x_wconf 88' lang='lat' dir='ltr'>patriam</span> <span class='ocrx_word' id='word_1_71' title='bbox 556 1712 681 1803; x_wconf 83' lang='lat' dir='ltr'>diliget</span> <span class='ocrx_word' id='word_1_72' title='bbox 696 1712 884 1803; x_wconf 89' lang='lat' dir='ltr'>municeps</span> <span class='ocrx_word' id='word_1_73' title='bbox 909 1713 1054 1803; x_wconf 91' lang='lat' dir='ltr'>aliquis,</span> <span class='ocrx_word' id='word_1_74' title='bbox 1078 1736 1187 1802; x_wconf 91' lang='lat' dir='ltr'>quam</span> <span class='ocrx_word' id='word_1_75' title='bbox 1213 1711 1301 1781; x_wconf 85' lang='lat' dir='ltr'>civis</span> 
     </span>
     <span class='ocr_line' id='line_1_12' title="bbox 182 1828 1301 1918; baseline 0 -20"><span class='ocrx_word' id='word_1_76' title='bbox 182 1828 437 1918; x_wconf 91' lang='lat' dir='ltr'>antiquissima</span> <span class='ocrx_word' id='word_1_77' title='bbox 453 1828 565 1899; x_wconf 90' lang='lat' dir='ltr'>Urbis</span> <span class='ocrx_word' id='word_1_78' title='bbox 579 1845 682 1918; x_wconf 82' lang='lat' dir='ltr'>gente</span> <span class='ocrx_word' id='word_1_79' title='bbox 698 1828 900 1898; x_wconf 87' lang='lat' dir='ltr'>oriundus?</span> <span class='ocrx_word' id='word_1_80' title='bbox 915 1830 1005 1898; x_wconf 90' lang='lat' dir='ltr'>Rem</span> <span class='ocrx_word' id='word_1_81' title='bbox 1018 1829 1301 1899; x_wconf 87' lang='lat' dir='ltr'>luculentissime</span> 
     </span>
     <span class='ocr_line' id='line_1_13' title="bbox 183 1945 1300 2035; baseline -0.002 -19"><span class='ocrx_word' id='word_1_82' title='bbox 183 1946 347 2016; x_wconf 88' lang='lat' dir='ltr'>enucleat</span> <span class='ocrx_word' id='word_1_83' title='bbox 370 1945 527 2029; x_wconf 55' lang='lat' dir='ltr'>Tullius</span> <span class='ocrx_word' id='word_1_84' title='bbox 559 1945 660 2013; x_wconf 88' lang='lat' dir='ltr'>testis</span> <span class='ocrx_word' id='word_1_85' title='bbox 684 1966 757 2035; x_wconf 86' lang='lat' dir='ltr'>prae</span> <span class='ocrx_word' id='word_1_86' title='bbox 783 1946 909 2014; x_wconf 88' lang='lat' dir='ltr'>ceteris</span> <span class='ocrx_word' id='word_1_87' title='bbox 933 1946 1149 2031; x_wconf 89' lang='lat' dir='ltr'>audiendus,</span> <span class='ocrx_word' id='word_1_88' title='bbox 1174 1963 1213 2014; x_wconf 96' lang='lat' dir='ltr'>ut</span> <span class='ocrx_word' id='word_1_89' title='bbox 1239 1946 1300 2035; x_wconf 93' lang='lat' dir='ltr'>qui</span> 
     </span>
     <span class='ocr_line' id='line_1_14' title="bbox 185 2061 1299 2151; baseline -0.002 -20"><span class='ocrx_word' id='word_1_90' title='bbox 185 2065 312 2132; x_wconf 85' lang='lat' dir='ltr'>Romae</span> <span class='ocrx_word' id='word_1_91' title='bbox 331 2061 532 2151; x_wconf 88' lang='lat' dir='ltr'>inquilinus</span> <span class='ocrx_word' id='word_1_92' title='bbox 549 2079 652 2131; x_wconf 89' lang='lat' dir='ltr'>esset.</span> <span class='ocrx_word' id='word_1_93' title='bbox 673 2089 689 2125; x_wconf 76' lang='lat' dir='ltr'>a</span> <span class='ocrx_word' id='word_1_94' title='bbox 709 2063 786 2151; x_wconf 87' lang='lat' dir='ltr'>Ego</span> <span class='ocrx_word' id='word_1_95' title='bbox 807 2063 1023 2146; x_wconf 77' lang='lat' dir='ltr'>mehercule,</span> <span class='ocrx_word' id='word_1_96' title='bbox 1051 2062 1182 2151; x_wconf 89' lang='lat' dir='ltr'>inquit,</span> <span class='ocrx_word' id='word_1_97' title='bbox 1201 2081 1235 2130; x_wconf 89' lang='lat' dir='ltr'>et</span> <span class='ocrx_word' id='word_1_98' title='bbox 1249 2061 1299 2130; x_wconf 94' lang='lat' dir='ltr'>illi</span> 
     </span>
     <span class='ocr_line' id='line_1_15' title="bbox 182 2176 1300 2272; baseline -0.003 -22"><span class='ocrx_word' id='word_1_99' title='bbox 182 2179 339 2272; x_wconf 87' lang='lat' dir='ltr'>(Catoni)</span> <span class='ocrx_word' id='word_1_100' title='bbox 357 2195 391 2246; x_wconf 92' lang='lat' dir='ltr'>et</span> <span class='ocrx_word' id='word_1_101' title='bbox 413 2178 583 2246; x_wconf 93' lang='lat' dir='ltr'>omnibus</span> <span class='ocrx_word' id='word_1_102' title='bbox 604 2176 851 2266; x_wconf 90' lang='lat' dir='ltr'>municipibus</span> <span class='ocrx_word' id='word_1_103' title='bbox 875 2179 964 2246; x_wconf 91' lang='lat' dir='ltr'>duas</span> <span class='ocrx_word' id='word_1_104' title='bbox 989 2202 1064 2247; x_wconf 87' lang='lat' dir='ltr'>esse</span> <span class='ocrx_word' id='word_1_105' title='bbox 1088 2201 1215 2246; x_wconf 93' lang='lat' dir='ltr'>censeo</span> <span class='ocrx_word' id='word_1_106' title='bbox 1245 2202 1300 2268; x_wconf 89' lang='lat' dir='ltr'>pa-</span> 
     </span>
     <span class='ocr_line' id='line_1_16' title="bbox 182 2293 1299 2379; baseline -0.004 -13"><span class='ocrx_word' id='word_1_107' title='bbox 182 2297 270 2366; x_wconf 90' lang='lat' dir='ltr'>trias</span> <span class='ocrx_word' id='word_1_108' title='bbox 289 2315 297 2364; x_wconf 90' lang='lat'><strong>:</strong></span> <span class='ocrx_word' id='word_1_109' title='bbox 318 2316 426 2363; x_wconf 90' lang='lat' dir='ltr'>unam</span> <span class='ocrx_word' id='word_1_110' title='bbox 443 2312 591 2379; x_wconf 90' lang='lat' dir='ltr'>naturae,</span> <span class='ocrx_word' id='word_1_111' title='bbox 609 2295 756 2362; x_wconf 90' lang='lat' dir='ltr'>alteram</span> <span class='ocrx_word' id='word_1_112' title='bbox 774 2293 948 2378; x_wconf 81' lang='lat' dir='ltr'>civitatis3</span> <span class='ocrx_word' id='word_1_113' title='bbox 965 2311 1005 2362; x_wconf 94' lang='lat' dir='ltr'>ut</span> <span class='ocrx_word' id='word_1_114' title='bbox 1021 2294 1078 2364; x_wconf 90' lang='lat' dir='ltr'>ille</span> <span class='ocrx_word' id='word_1_115' title='bbox 1095 2293 1200 2379; x_wconf 79' lang='lat' dir='ltr'>Cam,</span> <span class='ocrx_word' id='word_1_116' title='bbox 1218 2317 1299 2362; x_wconf 89' lang='lat' dir='ltr'>cum</span> 
     </span>
     <span class='ocr_line' id='line_1_17' title="bbox 183 2409 1300 2502; baseline -0.002 -21"><span class='ocrx_word' id='word_1_117' title='bbox 183 2428 278 2482; x_wconf 88' lang='lat' dir='ltr'>esset</span> <span class='ocrx_word' id='word_1_118' title='bbox 290 2410 440 2479; x_wconf 89' lang='lat' dir='ltr'>Tusculi</span> <span class='ocrx_word' id='word_1_119' title='bbox 456 2429 573 2494; x_wconf 85' lang='lat' dir='ltr'>natus,</span> <span class='ocrx_word' id='word_1_120' title='bbox 593 2409 628 2478; x_wconf 95' lang='lat' dir='ltr'>in</span> <span class='ocrx_word' id='word_1_121' title='bbox 646 2409 768 2500; x_wconf 92' lang='lat' dir='ltr'>populi</span> <span class='ocrx_word' id='word_1_122' title='bbox 788 2409 943 2478; x_wconf 91' lang='lat' dir='ltr'>Romani</span> <span class='ocrx_word' id='word_1_123' title='bbox 961 2410 1142 2478; x_wconf 88' lang='lat' dir='ltr'>civitatem</span> <span class='ocrx_word' id='word_1_124' title='bbox 1158 2433 1300 2502; x_wconf 87' lang='lat' dir='ltr'>suscep-</span> 
     </span>
     <span class='ocr_line' id='line_1_18' title="bbox 183 2526 1300 2612; baseline -0.003 -15"><span class='ocrx_word' id='word_1_125' title='bbox 183 2546 242 2597; x_wconf 90' lang='lat' dir='ltr'>tus</span> <span class='ocrx_word' id='word_1_126' title='bbox 263 2546 329 2596; x_wconf 89' lang='lat' dir='ltr'>est.</span> <span class='ocrx_word' id='word_1_127' title='bbox 357 2530 424 2612; x_wconf 91' lang='lat' dir='ltr'>lta,</span> <span class='ocrx_word' id='word_1_128' title='bbox 448 2548 530 2594; x_wconf 92' lang='lat' dir='ltr'>cum</span> <span class='ocrx_word' id='word_1_129' title='bbox 558 2543 639 2595; x_wconf 92' lang='lat' dir='ltr'>ortu</span> <span class='ocrx_word' id='word_1_130' title='bbox 665 2527 893 2594; x_wconf 93' lang='lat' dir='ltr'>Tusculanus</span> <span class='ocrx_word' id='word_1_131' title='bbox 928 2545 1033 2609; x_wconf 86' lang='lat' dir='ltr'>esset,</span> <span class='ocrx_word' id='word_1_132' title='bbox 1062 2526 1204 2594; x_wconf 92' lang='lat' dir='ltr'>civitate</span> <span class='ocrx_word' id='word_1_133' title='bbox 1228 2529 1300 2594; x_wconf 93' lang='lat' dir='ltr'>Ro·</span> 
     </span>
     <span class='ocr_line' id='line_1_19' title="bbox 182 2641 1301 2732; baseline -0.004 -18"><span class='ocrx_word' id='word_1_134' title='bbox 182 2667 327 2728; x_wconf 89' lang='lat' dir='ltr'>manus,</span> <span class='ocrx_word' id='word_1_135' title='bbox 345 2643 471 2712; x_wconf 84' lang='lat' dir='ltr'>habuit</span> <span class='ocrx_word' id='word_1_136' title='bbox 495 2643 644 2712; x_wconf 85' lang='lat' dir='ltr'>alteram</span> <span class='ocrx_word' id='word_1_137' title='bbox 671 2643 738 2711; x_wconf 91' lang='lat' dir='ltr'>loci</span> <span class='ocrx_word' id='word_1_138' title='bbox 769 2641 934 2732; x_wconf 90' lang='lat' dir='ltr'>patriam,</span> <span class='ocrx_word' id='word_1_139' title='bbox 962 2643 1109 2711; x_wconf 87' lang='lat' dir='ltr'>alteram</span> <span class='ocrx_word' id='word_1_140' title='bbox 1132 2643 1242 2731; x_wconf 79' lang='lat' dir='ltr'>juris3</span> <span class='ocrx_word' id='word_1_141' title='bbox 1261 2660 1301 2711; x_wconf 93' lang='lat' dir='ltr'>ut</span> 
     </span>
     <span class='ocr_line' id='line_1_20' title="bbox 182 2758 1300 2850; baseline -0.004 -20"><span class='ocrx_word' id='word_1_142' title='bbox 182 2760 291 2830; x_wconf 88' lang='lat' dir='ltr'>vestri</span> <span class='ocrx_word' id='word_1_143' title='bbox 310 2758 435 2844; x_wconf 85' lang='lat' dir='ltr'>Attici,</span> <span class='ocrx_word' id='word_1_144' title='bbox 451 2760 663 2850; x_wconf 84' lang='lat' dir='ltr'>priusquam</span> <span class='ocrx_word' id='word_1_145' title='bbox 676 2760 841 2827; x_wconf 89' lang='lat' dir='ltr'>Theseus</span> <span class='ocrx_word' id='word_1_146' title='bbox 858 2781 919 2826; x_wconf 89' lang='lat' dir='ltr'>eos</span> <span class='ocrx_word' id='word_1_147' title='bbox 935 2759 1134 2848; x_wconf 84' lang='lat' dir='ltr'>demigrare</span> <span class='ocrx_word' id='word_1_148' title='bbox 1150 2781 1190 2825; x_wconf 87' lang='lat' dir='ltr'>ex</span> <span class='ocrx_word' id='word_1_149' title='bbox 1206 2758 1300 2847; x_wconf 83' lang='lat' dir='ltr'>agris</span> 
     </span>
     <span class='ocr_line' id='line_1_21' title="bbox 181 2874 1301 2966; baseline -0.004 -19"><span class='ocrx_word' id='word_1_150' title='bbox 181 2896 217 2947; x_wconf 93' lang='lat' dir='ltr'>et</span> <span class='ocrx_word' id='word_1_151' title='bbox 240 2877 277 2945; x_wconf 92' lang='lat' dir='ltr'>in</span> <span class='ocrx_word' id='word_1_152' title='bbox 293 2893 385 2959; x_wconf 90' lang='lat' dir='ltr'>astu,</span> <span class='ocrx_word' id='word_1_153' title='bbox 402 2876 500 2966; x_wconf 94' lang='lat' dir='ltr'>quod</span> <span class='ocrx_word' id='word_1_154' title='bbox 521 2875 733 2966; x_wconf 89' lang='lat' dir='ltr'>appellatur,</span> <span class='ocrx_word' id='word_1_155' title='bbox 750 2896 876 2943; x_wconf 91' lang='lat' dir='ltr'>omnes</span> <span class='ocrx_word' id='word_1_156' title='bbox 894 2898 930 2942; x_wconf 90' lang='lat' dir='ltr'>se</span> <span class='ocrx_word' id='word_1_157' title='bbox 945 2875 1104 2943; x_wconf 85' lang='lat' dir='ltr'>conferre</span> <span class='ocrx_word' id='word_1_158' title='bbox 1128 2874 1246 2961; x_wconf 90' lang='lat' dir='ltr'>jussit,</span> <span class='ocrx_word' id='word_1_159' title='bbox 1268 2893 1301 2944; x_wconf 90' lang='lat' dir='ltr'>et</span> 
     </span>
     <span class='ocr_line' id='line_1_22' title="bbox 182 2990 1301 3082; baseline -0.003 -21"><span class='ocrx_word' id='word_1_160' title='bbox 182 2993 292 3061; x_wconf 93' lang='lat' dir='ltr'>simul</span> <span class='ocrx_word' id='word_1_161' title='bbox 312 2998 446 3082; x_wconf 76' lang='grc' dir='ltr'>φράτορες</span> <span class='ocrx_word' id='word_1_162' title='bbox 468 2991 577 3060; x_wconf 90' lang='lat' dir='ltr'>iidem</span> <span class='ocrx_word' id='word_1_163' title='bbox 603 3010 636 3059; x_wconf 90' lang='lat' dir='ltr'>et</span> <span class='ocrx_word' id='word_1_164' title='bbox 660 2990 770 3060; x_wconf 84' lang='lat' dir='ltr'>Attici</span> <span class='ocrx_word' id='word_1_165' title='bbox 799 3012 806 3058; x_wconf 91' lang='lat'>:</span> <span class='ocrx_word' id='word_1_166' title='bbox 834 2990 883 3058; x_wconf 94' lang='lat' dir='ltr'>sic</span> <span class='ocrx_word' id='word_1_167' title='bbox 910 3013 976 3059; x_wconf 91' lang='lat' dir='ltr'>nos</span> <span class='ocrx_word' id='word_1_168' title='bbox 997 3007 1031 3058; x_wconf 92' lang='lat' dir='ltr'>et</span> <span class='ocrx_word' id='word_1_169' title='bbox 1051 3013 1129 3058; x_wconf 87' lang='lat' dir='ltr'>eam</span> <span class='ocrx_word' id='word_1_170' title='bbox 1150 2990 1301 3080; x_wconf 87' lang='lat' dir='ltr'>patriam</span> 
     </span>
     <span class='ocr_line' id='line_1_23' title="bbox 181 3105 1392 3197; baseline -0.002 -20"><span class='ocrx_word' id='word_1_171' title='bbox 181 3108 352 3191; x_wconf 87' lang='lat' dir='ltr'>dicimus,</span> <span class='ocrx_word' id='word_1_172' title='bbox 366 3108 427 3176; x_wconf 93' lang='lat' dir='ltr'>ubi</span> <span class='ocrx_word' id='word_1_173' title='bbox 450 3106 536 3190; x_wconf 90' lang='lat' dir='ltr'>nati,</span> <span class='ocrx_word' id='word_1_174' title='bbox 558 3125 592 3175; x_wconf 89' lang='lat' dir='ltr'>et</span> <span class='ocrx_word' id='word_1_175' title='bbox 614 3107 725 3192; x_wconf 91' lang='lat' dir='ltr'>illam,</span> <span class='ocrx_word' id='word_1_176' title='bbox 745 3129 816 3197; x_wconf 91' lang='lat' dir='ltr'>qua</span> <span class='ocrx_word' id='word_1_177' title='bbox 834 3105 968 3197; x_wconf 89' lang='lat' dir='ltr'>excepti</span> <span class='ocrx_word' id='word_1_178' title='bbox 986 3128 1125 3174; x_wconf 91' lang='lat' dir='ltr'>sumus.</span> <span class='ocrx_word' id='word_1_179' title='bbox 1146 3105 1216 3177; x_wconf 88' lang='lat' dir='ltr'>Sed</span> <span class='ocrx_word' id='word_1_180' title='bbox 1240 3129 1301 3174; x_wconf 90' lang='lat' dir='ltr'>ne·</span> <span class='ocrx_word' id='word_1_181' title='bbox 1386 3133 1392 3143; x_wconf 93' lang='lat'><strong>·</strong></span> 
     </span>
     <span class='ocr_line' id='line_1_24' title="bbox 180 3221 1300 3314; baseline -0.004 -20"><span class='ocrx_word' id='word_1_182' title='bbox 180 3247 280 3296; x_wconf 88' lang='lat' dir='ltr'>cesse</span> <span class='ocrx_word' id='word_1_183' title='bbox 314 3241 367 3294; x_wconf 92' lang='lat' dir='ltr'>est</span> <span class='ocrx_word' id='word_1_184' title='bbox 395 3225 538 3293; x_wconf 89' lang='lat' dir='ltr'>caritate</span> <span class='ocrx_word' id='word_1_185' title='bbox 572 3245 651 3292; x_wconf 91' lang='lat' dir='ltr'>eam</span> <span class='ocrx_word' id='word_1_186' title='bbox 677 3239 857 3312; x_wconf 88' lang='lat' dir='ltr'>praestare,</span> <span class='ocrx_word' id='word_1_187' title='bbox 887 3245 958 3314; x_wconf 91' lang='lat' dir='ltr'>qua</span> <span class='ocrx_word' id='word_1_188' title='bbox 986 3221 1110 3312; x_wconf 90' lang='lat' dir='ltr'>populi</span> <span class='ocrx_word' id='word_1_189' title='bbox 1145 3221 1300 3290; x_wconf 91' lang='lat' dir='ltr'>Romani</span> 
     </span>
     <span class='ocr_line' id='line_1_25' title="bbox 181 3338 1301 3430; baseline -0.005 -19"><span class='ocrx_word' id='word_1_190' title='bbox 181 3364 316 3412; x_wconf 90' lang='lat' dir='ltr'>nomen</span> <span class='ocrx_word' id='word_1_191' title='bbox 341 3341 518 3409; x_wconf 86' lang='lat' dir='ltr'>universae</span> <span class='ocrx_word' id='word_1_192' title='bbox 539 3340 692 3408; x_wconf 90' lang='lat' dir='ltr'>civitatis</span> <span class='ocrx_word' id='word_1_193' title='bbox 709 3357 761 3408; x_wconf 91' lang='lat' dir='ltr'>est</span> <span class='ocrx_word' id='word_1_194' title='bbox 780 3362 788 3410; x_wconf 90' lang='lat'>:</span> <span class='ocrx_word' id='word_1_195' title='bbox 808 3364 873 3430; x_wconf 91' lang='lat' dir='ltr'>pro</span> <span class='ocrx_word' id='word_1_196' title='bbox 890 3362 959 3428; x_wconf 91' lang='lat' dir='ltr'>qua</span> <span class='ocrx_word' id='word_1_197' title='bbox 975 3340 1081 3422; x_wconf 90' lang='lat' dir='ltr'>mori,</span> <span class='ocrx_word' id='word_1_198' title='bbox 1104 3355 1137 3407; x_wconf 96' lang='lat' dir='ltr'>et</span> <span class='ocrx_word' id='word_1_199' title='bbox 1159 3338 1214 3406; x_wconf 94' lang='lat' dir='ltr'>cui</span> <span class='ocrx_word' id='word_1_200' title='bbox 1235 3360 1301 3406; x_wconf 91' lang='lat' dir='ltr'>nos</span> 
     </span>
     <span class='ocr_line' id='line_1_26' title="bbox 181 3454 1299 3549; baseline -0.005 -22"><span class='ocrx_word' id='word_1_201' title='bbox 181 3476 278 3528; x_wconf 92' lang='lat' dir='ltr'>totos</span> <span class='ocrx_word' id='word_1_202' title='bbox 306 3458 446 3540; x_wconf 89' lang='lat' dir='ltr'>dedere,</span> <span class='ocrx_word' id='word_1_203' title='bbox 476 3473 510 3525; x_wconf 90' lang='lat' dir='ltr'>et</span> <span class='ocrx_word' id='word_1_204' title='bbox 541 3457 576 3524; x_wconf 93' lang='lat' dir='ltr'>in</span> <span class='ocrx_word' id='word_1_205' title='bbox 605 3461 677 3547; x_wconf 86' lang='lat' dir='ltr'>qua</span> <span class='ocrx_word' id='word_1_206' title='bbox 706 3473 827 3525; x_wconf 87' lang='lat' dir='ltr'>nostra</span> <span class='ocrx_word' id='word_1_207' title='bbox 854 3454 975 3523; x_wconf 93' lang='lat' dir='ltr'>omnia</span> <span class='ocrx_word' id='word_1_208' title='bbox 997 3476 1128 3546; x_wconf 88' lang='lat' dir='ltr'>ponere</span> <span class='ocrx_word' id='word_1_209' title='bbox 1145 3472 1179 3522; x_wconf 92' lang='lat' dir='ltr'>et</span> <span class='ocrx_word' id='word_1_210' title='bbox 1197 3454 1299 3549; x_wconf 85' lang='lat' dir='ltr'>quasi</span> 
     </span>
     <span class='ocr_line' id='line_1_27' title="bbox 178 3570 1300 3662; baseline -0.005 -18"><span class='ocrx_word' id='word_1_211' title='bbox 178 3597 389 3644; x_wconf 87' lang='lat' dir='ltr'>consecrare</span> <span class='ocrx_word' id='word_1_212' title='bbox 411 3573 620 3642; x_wconf 87' lang='lat' dir='ltr'>debemus»</span> <span class='ocrx_word' id='word_1_213' title='bbox 640 3574 699 3661; x_wconf 80' lang='lat'>(2).</span> <span class='ocrx_word' id='word_1_214' title='bbox 729 3574 856 3662; x_wconf 88' lang='lat' dir='ltr'>Neque</span> <span class='ocrx_word' id='word_1_215' title='bbox 884 3571 939 3639; x_wconf 92' lang='lat' dir='ltr'>his</span> <span class='ocrx_word' id='word_1_216' title='bbox 960 3570 1079 3640; x_wconf 88' lang='lat' dir='ltr'>verbis</span> <span class='ocrx_word' id='word_1_217' title='bbox 1107 3570 1300 3638; x_wconf 90' lang='lat' dir='ltr'>oratoriam</span> 
     </span>
     <span class='ocr_line' id='line_1_28' title="bbox 180 3687 1299 3780; baseline -0.005 -21"><span class='ocrx_word' id='word_1_218' title='bbox 180 3691 304 3760; x_wconf 91' lang='lat' dir='ltr'>nescio</span> <span class='ocrx_word' id='word_1_219' title='bbox 337 3711 447 3780; x_wconf 90' lang='lat' dir='ltr'>quam</span> <span class='ocrx_word' id='word_1_220' title='bbox 476 3689 652 3758; x_wconf 91' lang='lat' dir='ltr'>contineri</span> <span class='ocrx_word' id='word_1_221' title='bbox 685 3689 891 3773; x_wconf 82' lang='lat' dir='ltr'>iactantiam</span> <span class='ocrx_word' id='word_1_222' title='bbox 921 3704 1039 3777; x_wconf 91' lang='lat' dir='ltr'>putes,</span> <span class='ocrx_word' id='word_1_223' title='bbox 1077 3687 1181 3776; x_wconf 90' lang='lat' dir='ltr'>quasi</span> <span class='ocrx_word' id='word_1_224' title='bbox 1217 3707 1299 3754; x_wconf 91' lang='lat' dir='ltr'>cum</span> 
     </span>
     <span class='ocr_line' id='line_1_29' title="bbox 178 3801 1300 3899; baseline -0.008 -21"><span class='ocrx_word' id='word_1_225' title='bbox 178 3806 334 3899; x_wconf 86' lang='lat' dir='ltr'>egregiis</span> <span class='ocrx_word' id='word_1_226' title='bbox 358 3805 544 3897; x_wconf 87' lang='lat' dir='ltr'>praeceptis</span> <span class='ocrx_word' id='word_1_227' title='bbox 568 3828 623 3874; x_wconf 92' lang='lat' dir='ltr'>res</span> <span class='ocrx_word' id='word_1_228' title='bbox 651 3825 780 3895; x_wconf 93' lang='lat' dir='ltr'>parum</span> <span class='ocrx_word' id='word_1_229' title='bbox 815 3803 1050 3872; x_wconf 86' lang='lat' dir='ltr'>concinuerit.</span> <span class='ocrx_word' id='word_1_230' title='bbox 1077 3801 1172 3892; x_wconf 88' lang='lat' dir='ltr'>Quis</span> <span class='ocrx_word' id='word_1_231' title='bbox 1202 3801 1300 3870; x_wconf 91' lang='lat' dir='ltr'>enim</span> 
     </span>
    </p>
   </div>
   <div class='ocr_carea' id='block_1_3' title="bbox 215 4057 904 4224">
    <p class='ocr_par' dir='ltr' id='par_1_4' title="bbox 215 4057 904 4224">
     <span class='ocr_line' id='line_1_30' title="bbox 215 4057 583 4131; baseline -0.011 -16"><span class='ocrx_word' id='word_1_232' title='bbox 215 4060 259 4131; x_wconf 87' lang='lat'>(1)</span> <span class='ocrx_word' id='word_1_233' title='bbox 273 4059 342 4114; x_wconf 78' lang='lat' dir='ltr'>Tru.</span> <span class='ocrx_word' id='word_1_234' title='bbox 358 4059 420 4114; x_wconf 87' lang='lat' dir='ltr'>Lrv.</span> <span class='ocrx_word' id='word_1_235' title='bbox 436 4073 518 4124; x_wconf 82' lang='lat' dir='ltr'>xxtu,</span> <span class='ocrx_word' id='word_1_236' title='bbox 533 4057 583 4112; x_wconf 83' lang='lat'>61.</span> 
     </span>
     <span class='ocr_line' id='line_1_31' title="bbox 217 4142 904 4224; baseline -0.007 -19"><span class='ocrx_word' id='word_1_237' title='bbox 217 4150 259 4222; x_wconf 83' lang='lat' dir='ltr'>(a)</span> <span class='ocrx_word' id='word_1_238' title='bbox 281 4146 357 4210; x_wconf 80' lang='lat' dir='ltr'>Cre..</span> <span class='ocrx_word' id='word_1_239' title='bbox 374 4143 420 4203; x_wconf 89' lang='lat' dir='ltr'>De</span> <span class='ocrx_word' id='word_1_240' title='bbox 433 4145 571 4224; x_wconf 82' lang='lat' dir='ltr'>Legibus,</span> <span class='ocrx_word' id='word_1_241' title='bbox 586 4164 618 4216; x_wconf 88' lang='lat'>11,</span> <span class='ocrx_word' id='word_1_242' title='bbox 635 4162 661 4212; x_wconf 87' lang='lat'>2,</span> <span class='ocrx_word' id='word_1_243' title='bbox 680 4145 693 4199; x_wconf 87' lang='grc'><strong><em>5</em></strong></span> <span class='ocrx_word' id='word_1_244' title='bbox 710 4144 768 4215; x_wconf 87' lang='lat' dir='ltr'>(ed.</span> <span class='ocrx_word' id='word_1_245' title='bbox 786 4142 904 4212; x_wconf 68' lang='lat' dir='ltr'>Orelli.</span> 
     </span>
    </p>
   </div>
   <div class='ocr_carea' id='block_1_4' title="bbox 0 0 1490 5280">
    <p class='ocr_par' dir='ltr' id='par_1_5' title="bbox 0 0 1490 5280">
     <span class='ocr_line' id='line_1_32' title="bbox 0 0 1490 5280; baseline 0 2"><span class='ocrx_word' id='word_1_246' title='bbox 0 0 1490 5280; x_wconf 95' lang='lat' dir='ltr'> </span> 
     </span>
    </p>
   </div>
  </div>
 </body>
</html>
