2954 5084
725 556 767 566 ··
793 537 839 605 74
861 555 905 605 ·2·

254 679 337 730 runt
357 660 565 729 sententias.
590 658 661 727 Alii
682 657 778 727 enirn
802 657 889 725 illud
913 658 1136 742 insimulant,
1157 660 1269 747 quod,
1292 681 1380 748 pro.-

253 777 337 846 ditis
369 777 543 845 libertatis
574 774 789 859 fautoribus
818 775 892 842 suis
923 776 1011 842 olim
1051 775 1378 859 commilitonibus,

253 893 415 960 venalem
455 914 557 958 suam
587 912 733 980 operam
775 889 991 957 stabiliendo
1026 889 1180 980 Augusti
1220 890 1378 982 imperio

254 1008 461 1099 praestiterit
487 1010 554 1094 (ης
584 1007 642 1074 alii
659 1029 742 1074 vero
761 1023 911 1096 utraque
934 1007 1038 1097 culpa
1057 1006 1103 1074 ita
1119 1024 1261 1098 poetam
1286 1007 1378 1074 libe-

253 1143 344 1209 rant,
362 1142 402 1192 ut
416 1146 531 1215 neque
543 1146 624 1214 erga
642 1123 778 1213 priores
792 1123 927 1191 amicos
945 1123 1167 1207 fidelitatem,
1196 1145 1313 1213 neque
1342 1123 1378 1191 in

253 1241 493 1333 praedicandis
511 1240 662 1330 Augusti
682 1239 876 1307 virtutibus
900 1238 1111 1328 dignitatem
1139 1239 1189 1309 illi
1218 1239 1380 1308 defuisse

253 1358 473 1426 arbitrentur
489 1356 546 1447 (2).
568 1355 762 1447 Reputanti
781 1356 877 1422 unde
893 1371 988 1423 tanta
1008 1355 1103 1423 nasci
1120 1355 1278 1445 potuerit
1298 1336 1380 1446 opi-

254 1474 406 1542 nionum
424 1472 626 1554 diversitas,
644 1472 679 1539 id
692 1471 780 1539 milri
794 1470 879 1539 satis
892 1471 1126 1560 probabiliter
1143 1473 1380 1540 statuendum

255 1590 407 1658 videtur.
435 1589 491 1657 Illi
511 1589 670 1678 quidem,
691 1587 860 1655 historica
886 1587 1022 1655 ratione
1042 1605 1196 1676 utenteS,
1221 1587 1380 1656 Horatio

256 1705 417 1774 historici
450 1726 640 1796 personam
668 1705 721 1771 vel
755 1703 856 1771 inviti
891 1703 1102 1789 induerunt,
1124 1704 1381 1794 curiosiusque

255 1823 466 1913 perscrutati
503 1838 587 1888 sunt
612 1842 700 1887 num
724 1842 865 1910 semper
895 1821 938 1888 ad
968 1839 1231 1889 sacrosanctam
1266 1821 1384 1889 hance

257 1939 371 2030 legem
390 1939 617 2028 respexisset,
639 1956 719 2025 quae
741 1953 833 2004 vetat
849 1963 865 1997 a
882 1959 924 2004 ne
946 1937 1032 2026 quid
1052 1937 1201 2007 historia
1218 1937 1299 2006 falsi
1320 1962 1385 2006 au-

258 2056 352 2137 deat,
374 2054 504 2121 deinde
525 2077 568 2121 ne
587 2052 673 2142 quid
697 2052 768 2119 veri
798 2074 869 2120 non
887 2052 1035 2137 audeat;
1054 2077 1097 2122 ne
1125 2078 1194 2144 qua
1218 2054 1384 2144 suspicio

256 2170 376 2260 gratiae
394 2170 490 2237 sitin
512 2169 714 2251 scribend0,
733 2190 858 2258 nequa
873 2167 1065 2237 simultatis
1085 2196 1102 2232 >›
1119 2172 1188 2260 <3);
1205 2192 1382 2259 cumque,

257 2287 291 2353 in
308 2286 508 2374 iudicandis
522 2289 677 2377 Augusti
694 2288 893 2357 rationibus
910 2304 944 2357 et
960 2289 1060 2370 actis,
1083 2287 1196 2377 tnagis
1220 2285 1382 2356 aestima·

258 2421 337 2472 rent
361 2404 447 2494 quid
462 2405 505 2471 de
524 2404 567 2471 iis
584 2405 814 2498 sentiendum
831 2406 889 2489 sit,
913 2427 1022 2495 quant
1047 2403 1134 2494 quiel
1154 2424 1276 2493 reapse
1296 2426 1381 2470 sen-

257 2521 389 2589 sissent
424 2521 664 2589 communiter
693 2521 789 2588 illius
818 2521 931 2590 aetatis
961 2521 1129 2605 Romani,
1161 2535 1202 2588 eo
1231 2520 1381 2588 adducti

256 2654 340 2704 sunt
366 2653 406 2703 ut
429 2636 587 2704 severius
615 2660 696 2705 curn
721 2637 873 2706 Horatio
898 2654 1053 2728 agerent.
1083 2635 1130 2703 Hi
1157 2653 1291 2720 autem,
1318 2635 1386 2725 qui

258 2751 509 2821 meminissent
525 2752 569 2820 ab
584 2775 624 2820 eo
637 2770 763 2845 poetae,
781 2777 850 2822 non
870 2753 1044 2838 historici,
1059 2769 1175 2844 partes
1193 2773 1382 2850 susceptas

256 2892 345 2953 esse,
365 2869 493 2958 poetici
522 2869 633 2936 moris
659 2869 778 2938 habita
807 2871 956 2958 ratione,
986 2869 1230 2960 quaesiverunt
1254 2887 1383 2938 utrum

257 2983 425 3053 laudandi
463 2983 644 3053 licentiam
672 2986 716 3053 ad
752 2986 945 3075 projectam
980 3009 1095 3076 usque
1133 2985 1385 3053 adulationem

257 3100 499 3191 protraxisset,
543 3101 800 3192 perpensisque
841 3103 1091 3171 Romanorum
1132 3103 1175 3169 de
1211 3104 1384 3190 Augusto

256 3216 503 3307 opinionibus,
527 3218 720 3287 Horatium
738 3217 985 3310 indulgentius
1006 3234 1214 3286 excusatum
1229 3216 1384 3286 dimise-

293 3447 329 3517 (ι)
349 3445 503 3509 Dasium,
520 3443 613 3502 Me'm.
630 3445 666 3501 de
688 3444 800 3503 l'Acad.
821 3444 872 3501 des
890 3445 1032 3519 Inscripr.
1048 3455 1077 3500 er
1092 3446 1127 3501 B.
1145 3444 1193 3513 L.,
1217 3455 1238 3500 t.
1255 3444 1384 3516 XLlIl;

257 3537 428 3598 Saevunrn,
458 3551 506 3606 op.
533 3533 582 3589 cit.
615 3531 745 3607 passim3
774 3535 841 3590 J.-J.
871 3535 1011 3602 Anabura,
1035 3531 1186 3608 L'empire
1211 3534 1332 3588 romain
1364 3540 1384 3589 ὰ

256 3620 474 3700 ΚοητεῑῐΡετίε,
490 3622 589 3693 1867);
608 3622 722 3691 Bromi,
738 3622 881 3698 Auguste,
892 3637 926 3678 sa
934 3621 1060 3695 Jamiile
1074 3626 1104 3678 et
1118 3620 1251 3678 sesamis
1266 3621 1385 3692 (Paris,

260 3712 357 3784 1867),
373 3723 429 3764 etc.

290 3801 336 3867 (2)
352 3799 596 3869 Vaunuasouac,
612 3815 658 3872 op.
680 3815 704 3854 c.
721 3796 854 3870 passim3
874 3799 1102 3864 Warcrurruuu,
1127 3815 1175 3874 op.
1194 3815 1226 3871 c.⁴
1242 3798 1361 3871 passim
1376 3820 1385 3871 ;

257 3888 399 3952 Daunou,
410 3887 540 3944 Journal
554 3887 605 3944 des
616 3889 699 3957 Suu,
715 3905 785 3944 nov.
805 3887 892 3960 18233
910 3889 949 3944 H.
969 3889 1383 3963 Rioturr,OEuurescomp1.

256 3998 287 4049 11,
300 3997 329 4051 p.
343 3978 397 4052 239
409 3995 454 4050 sq.
465 3997 472 4050 3
485 3978 721 4049 Couunavuaux,
732 3978 855 4035 Caracr.
868 3990 896 4033 et
912 3978 1042 4050 Taleuts,
1058 3979 1140 4052 1867,
1154 3995 1233 4052 pass.
1247 3996 1254 4048 ;
1268 3979 1383 4052 Puta,

258 4068 387 4124 OEuures
401 4067 511 4124 d'Hor.
533 4087 552 4138 r,
570 4086 599 4142 p.
616 4087 655 4122 xx
670 4086 727 4141 sq.,
743 4079 804 4123 etc.

287 4155 329 4226 (3)
347 4156 423 4221 Cro,
440 4158 483 4214 De
495 4157 582 4214 Orat.
598 4176 630 4228 11,
651 4158 695 4212 15.
