2970 5280
599 501 780 577 ..63-

172 648 323 720 Sublato
341 648 376 721 S.
398 649 589 740 Pompeio,
606 649 817 741 Lepidoque
832 649 942 719 armis
956 650 1115 741 primum
1129 667 1249 736 exuto,

62 793 64 797 ·
101 751 103 755 ⁸
126 763 257 835 deinde
278 764 443 836 Circeios·
460 765 614 855 relegato
633 769 696 854 (ι),
721 783 795 834 tota
819 766 890 854 jam
916 765 1057 856 imperii
1076 767 1189 836 moles
1205 767 1249 835 ad

127 881 370 952 Octavianum
396 881 432 953 in
455 881 666 968 Occidente,
681 883 957 973 Antoniumque
973 883 1009 951 in
1028 882 1178 953 Oriente
1196 906 1250 954 re·

127 998 273 1067 ciderat.
293 997 388 1072 Cum
408 1020 493 1068 vero
518 999 553 1067 in
569 1021 736 1089 suprema
756 1017 929 1089 potestate
949 999 1251 1068 communicanda

44 1170 47 1175 .
128 1114 223 1184 inter
248 1116 339 1183 duos
370 1138 448 1185 rara
477 1115 523 1184 sit
551 1115 755 1201 concordia,
778 1137 850 1184 non
872 1115 935 1184 diu
961 1116 1158 1185 obscurum
1183 1116 1251 1185 fuit

127 1254 212 1300 mox
251 1232 362 1301 armis
395 1232 676 1318 decernendum,
704 1232 820 1301 utrius
852 1233 888 1300 in
919 1232 1108 1301 arbitrium
1137 1233 1250 1301 totius

126 1346 226 1416 orbis
241 1347 434 1438 imperium
445 1365 638 1417 venturum
650 1366 754 1417 esset.
770 1347 844 1437 Qui
857 1348 990 1418 fuerint
1004 1348 1040 1416 in
1055 1348 1117 1417 illo
1130 1371 1250 1419 rerum

125 1463 278 1532 articulo
318 1463 460 1533 Horatii
487 1487 635 1548 sensus,
668 1465 741 1533 duo
772 1481 874 1548 ante,
904 1466 976 1533 duo
1009 1464 1140 1555 pariter
1169 1483 1251 1556 post

126 1579 311 1649 Actiacam
336 1602 497 1672 pugnam
521 1582 652 1671 scripta
679 1579 839 1678 carmina
866 1597 1043 1650 testantur
1070 1601 1078 1649 :
1108 1581 1250 1650 diversa

125 1713 365 1785 utrorumque
385 1696 476 1765 ratio
494 1696 722 1781 discernitur,
744 1698 805 1765 sed
824 1697 921 1767 idem
945 1714 1060 1789 poetae
1081 1719 1162 1789 erga
1188 1721 1249 1788 pa-

127 1812 237 1881 triam
256 1812 416 1903 affectus.

174 1928 269 1999 Cum
285 1928 356 2017 jam
372 1929 508 1998 bellum
524 1946 719 2021 appeteret,
735 1947 899 2020 essetque
915 1930 962 1998 ‘in
986 1948 1155 2020 promptu
1173 1953 1249 1999 rem

127 2045 311 2136 publicam
323 2046 358 2114 in
373 2068 559 2115 summum
569 2046 766 2115 adductum
779 2046 821 2115 iri
834 2046 1034 2138 periculum
1042 2047 1246 2138 praesagire‚

125 2161 332 2231 miseranda
361 2161 420 2231 illa
436 2163 559 2254 patriae
576 2163 652 2231 vice
672 2180 857 2254 permotus
875 2186 944 2253 qua
967 2187 986 2231 a
1002 2162 1095 2232 bello
1116 2165 1160 2232 ad
1175 2163 1249 2232 bel-

125 2277 205 2346 lum
213 2300 355 2348 currere
371 2301 558 2369 nunquam
570 2278 694 2347 satiata
706 2300 856 2347 suorum
867 2279 1041 2368 sanguine
1052 2279 1246 2364 videretur,

126 2395 318 2480 Horatius,
335 2394 520 2486 proposita
543 2396 719 2464 bellorum
736 2395 898 2464 civilium
928 2395 1127 2479 atrocitate,
1152 2396 1247 2464 cives
1320 2468 1321 2472 ,

124 2534 213 2579 suos
229 2511 273 2580 ab
298 2511 409 2602 impio
434 2510 586 2580 consilio
615 2529 774 2582 avertere
800 2512 899 2580 omni
921 2534 988 2603 ope
1005 2512 1247 2602 omnibusque

123 2627 246 2717 poesis
261 2626 399 2696 viribus
417 2629 538 2697 enisus
555 2646 628 2698 est:

340 2789 421 2858 Quo,
438 2806 499 2862 quo
515 2787 635 2845 scelesti
649 2786 746 2854 ruitis,
764 2799 815 2844 aut
830 2805 885 2843 cur
898 2788 1029 2844 dexteris

411 2888 563 2959 Aptantur
578 2903 665 2944 enses
684 2885 821 2943 conditi?
835 2888 888 2959 (2).

122 3065 252 3135 Altero
281 3066 452 3151 carmine,
486 3089 559 3135 non
592 3067 662 3155 jam
705 3065 965 3157 indignationis
1004 3065 1149 3151 aculeis,
1185 3068 1245 3135 sed

124 3181 334 3250 tenerrimis
363 3180 475 3250 animi
501 3181 686 3251 affectibus
711 3183 880 3266 Romam,
897 3182 1128 3252 celeberrima
1145 3182 1246 3251 navis

121 3297 295 3388 allegoria
312 3320 414 3383 usus,
432 3315 554 3366 monet
571 3316 605 3366 et
618 3315 781 3390 precatur
793 3321 836 3368 ne
852 3300 896 3367 ad
913 3298 1152 3367 certissimam
1169 3320 1248 3389 per-

122 3413 259 3483 niciem
283 3432 374 3484 ruat.
399 3415 599 3483 Fatendum
622 3431 675 3483 est
692 3433 835 3506 poetam
859 3416 917 3484 vix
941 3415 1070 3484 melius
1086 3414 1245 3506 potuisse

120 3552 232 3598 suum
250 3531 372 3621 patriae
397 3553 559 3599 amorem
585 3530 816 3622 perspicuum
836 3531 962 3618 facere,
985 3554 1095 3621 quam
1119 3531 1244 3602 matris

117 3667 263 3716 morem
302 3645 493 3731 imitando,
523 3669 616 3738 quae,
652 3654 845 3738 postquam
876 3647 912 3716 in
939 3648 1010 3718 iras
1042 3647 1171 3738 erupit,
1200 3649 1245 3717 ad

115 3783 246 3853 preces
259 3779 294 3832 et
313 3762 478 3837 lacrimas
497 3763 730 3847 convertitur,
748 3787 820 3854 quo
837 3764 950 3833 filium
967 3788 986 3832 a
1012 3765 1144 3834 scelere
1171 3763 1244 3832 effi-

155 4043 202 4113 (1)
218 4040 323 4114 Suam,
338 4043 428 4120 Aug„
454 4041 495 4098 16.

156 4132 202 4203 (a)
219 4131 334 4205 Epod.,'
346 4150 372 4204 7.
