2970 5280
598 506 803 585 -125—

141 644 254 735 patria
284 643 394 736 lyrico
422 645 556 735 plectro
581 644 751 729 concinit,
786 667 856 712 non
892 644 963 731 jam
994 644 1189 734 ambigitur
1214 647 1281 713 de

141 778 286 830 externo
310 760 481 830 carminis
504 760 652 846 habitu,
678 761 784 852 paulo
806 760 1006 829 abstrusior
1026 778 1060 829 et
1080 759 1259 830 difficilior

141 878 256 946 oritur
273 877 438 968 quaestio,
459 896 581 946 utrum
597 877 632 945 in
647 877 869 967 argumentis
880 876 1039 946 romanis
1052 899 1132 945 vere
1146 899 1259 946 rotna-

143 1017 210 1062 nus
229 994 350 1063 animo
376 1013 410 1063 et
435 994 622 1062 sententiis
645 994 859 1083 judicandus
880 992 937 1061 sit.
954 993 1075 1082 Quam
1096 993 1264 1083 quaestios

143 1132 226 1178 nem
243 1130 282 1179 ut
296 1112 532 1195 solveremus,
551 1110 659 1200 lyrica
686 1109 828 1179 Horatii
850 1109 1007 1177 carmina
1031 1108 1123 1177 inter
1147 1133 1184 1177 se
1206 1111 1260 1177 vel
1285 1098 1288 1104 ’

142 1248 225 1295 cum
243 1225 481 1298 Sermonibus
503 1227 738 1310 contulimus,
760 1243 866 1316 atque
888 1247 971 1293 cum
989 1225 1185 1315 aequalium
1205 1226 1261 1294 vel
1357 1211 1361 1219 ¹

143 1360 370 1433 posterorum
388 1342 606 1411 testimoniis
624 1341 904 1432 pensitavimus3
929 1363 1084 1430 cumque
1111 1340 1260 1409 intimos

142 1458 328 1551 scriptoris
339 1458 497 1547 cujusvis
510 1481 637 1527 sensus
650 1476 683 1527 et
698 1457 880 1527 recondita
893 1457 1123 1526 conscientiae
1135 1457 1262 1526 alienae
1314 1481 1315 1485 ¹

143 1574 336 1665 penetralia
361 1575 604 1645 scrutantibus
627 1597 698 1642 non
723 1596 833 1665 pauca
857 1573 990 1642 incerta
1011 1574 1209 1642 admodum
1230 1590 1263 1641 et
1346 1620 1349 1626 -

142 1690 293 1760 obscura
312 1714 494 1761 remanere
511 1709 686 1782 oporteat,
706 1691 754 1758 ita
768 1712 843 1759 rem
858 1711 1004 1758 omnem
1021 1706 1168 1757 tractare
1185 1707 1263 1757 stu-

143 1807 304 1892 duimus,
322 1827 362 1876 ut
377 1827 471 1878 certa
483 1808 528 1877 ab
540 1808 684 1876 incertis
702 1807 1001 1889 discerneremus,
1019 1804 1056 1873 in
1069 1805 1263 1895 dubiisque

144 1945 223 1992 earn
245 1942 484 1993 statueremus
505 1924 715 2016 opinionem
731 1945 811 2013 quae
829 1920 902 1991 veri
924 1919 1108 1991 simillima
1123 1921 1261 1990 videre⁴⁴

142 2058 213 2108 tur.
231 2034 420 2110 Affirmare
437 2064 509 2109 non
526 2039 772 2109 dubitavimus
800 2038 1006 2121 Horatium,
1031 2038 1112 2106 licet
1137 2037 1263 2106 natali·

143 2155 212 2224 bus
234 2157 491 2248 provincialem
516 2157 716 2240 hominem,
743 2178 815 2224 non
836 2156 937 2224 aliter
962 2156 1117 2223 Romam
1143 2176 1264 2223 amore

142 2291 376 2365 prosecutum
393 2298 483 2357 esse,
501 2296 540 2344 ac
557 2273 585 2342 si
604 2276 792 2342 Romanus
810 2290 915 2341 natus
934 2288 1048 2356 esset3
1066 2273 1155 2339 adeo
1176 2293 1265 2361 prae·

143 2390 287 2458 teritam
311 2391 387 2479 ejus
409 2390 561 2481 gloriam
578 2389 788 2473 admiratur,
806 2388 1044 2478 praesentibus
1060 2386 1263 2456 commodis

142 2507 401 2598 patrocinatur,
417 2524 523 2597 atque
539 2503 1029 2596 fataliperennitaticonfidit.
1049 2505 1088 2572 ln
1107 2502 1264 2594 politicis

142 2644 228 2692 vero
261 2624 380 2708 rebus,
413 2644 591 2713 quantum
618 2623 757 2709 exejus
783 2621 1004 2690 carminibus
1034 2639 1140 2711 atque
1165 2642 1263 2688 com-

143 2739 245 2808 muni
263 2739 458 2830 aequalium
473 2739 644 2830 opinione
662 2737 837 2825 conjicere
858 2736 971 2820 licuit,
990 2736 1021 2804 is
1042 2735 1147 2805 nobis
1165 2736 1263 2803 visus

143 2873 212 2939 est,
237 2857 299 2945 qui
327 2857 495 2946 prudenti
520 2854 656 2923 ratione
682 2855 810 2922 ductus
836 2853 1090 2944 potiusquam
1114 2850 1264 2921 ferventi

144 2972 267 3040 studio
283 2973 465 3062 abreptus,
483 2971 597 3062 magis
613 2990 820 3061 temporum
833 2969 1037 3038 condicioni
1052 2972 1161 3059 quam
1179 2990 1262 3059 pro·

145 3087 235 3179 priis
260 3087 476 3158 utilitatibus
499 3109 642 3179 parens,
669 3086 773 3155 amici
794 3103 901 3176 atque
926 3085 1169 3168 admiratoris,
1191 3105 1264 3151 non

144 3205 355 3289 adulatoris,
379 3223 496 3296 partes
521 3202 736 3294 suscipiens,
759 3201 913 3292 Augusti
933 3201 1056 3289 laudes
1079 3199 1263 3268 exanimo

145 3320 356 3416 cecinisset,
380 3322 427 3389 ita
460 3340 500 3389 ut
528 3340 760 3388 communem
785 3339 859 3387 suae
888 3317 1002 3386 aetatis
1035 3315 1263 3397 sententiam,

144 3459 370 3522 communes,
391 3437 420 3504 si
441 3437 542 3515 velis,
564 3459 702 3506 errores
725 3436 923 3524 amplexus,
941 3456 1056 3524 neque
1078 3432 1199 3500 liberae
1214 3431 1264 3500 rei

145 3554 298 3646 publicae
316 3555 464 3639 oblitus,
487 3576 602 3644 neque
630 3553 737 3636 unius
764 3551 958 3641 imperium
978 3571 1141 3642 perosus,
1169 3549 1264 3616 baud

145 3693 249 3740 secus
265 3693 304 3739 ac
321 3659 571 3739 Romanorum
584 3692 665 3759 pars
680 3668 847 3752 maxima,
863 3666 1087 3758 temporibus
1102 3687 1174 3732 non
1187 3665 1264 3732 sine

144 3786 318 3878 dignitate
336 3786 485 3855 cessisse
509 3784 680 3854 videatur.
700 3783 1019 3873 Quemadmodum
1039 3799 1159 3850 autem
1176 3779 1264 3848 civis

144 3904 304 3973 mediam
324 3893 505 3994 quandam
519 3902 613 3970 inter
627 3919 745 3992 partes
761 3901 856 3968 viam
873 3899 989 3981 inivit,
1003 3898 1265 3989 praeteritasque
1346 3904 1350 3909 ’

145 4019 323 4092 libertatis
340 4018 554 4088 memoriam
567 4017 852 4109 cumpraesentis
867 4015 1008 4107 imperii
1028 4013 1148 4082 studio
1161 4012 1264 4097 lovit',

142 4139 196 4206 ita
213 4145 357 4227 quoque
377 4135 617 4226 philosophus
639 4156 718 4203 eam
742 4133 816 4202 sibi.
835 4129 1047 4223 sapientiam
1065 4153 1106 4199 ex
1123 4129 1265 4200 Graeco.-
