2970 5280
610 525 790 613 ..37-

142 664 365 734 carminibus
384 666 565 765 egregiam
587 669 752 756 Augusto
785 667 926 736 navavit
956 690 1114 758 operam.
1134 669 1262 736 Profli-

142 783 233 873 gatis
249 783 349 851 Bruti
364 800 396 850 et
408 783 557 851 Antonii
573 783 748 874 partibus,
762 785 916 853 restabat
931 801 969 852 ut
985 785 1068 875 aegri
1082 785 1260 853 victorum

141 899 255 966 animi
288 899 591 982 demulcerentur,
622 922 740 968 mores
773 899 876 968 bellis
901 899 1067 968 civilibus
1103 899 1260 990 corrupti

142 1014 364 1104 religionum
380 1016 599 1084 caerimoniis
626 1033 659 1084 et
686 1018 805 1107 legum
830 1016 940 1085 frenis
974 1017 1259 1101 restituerentur,

140 1133 297 1222 denique
313 1132 473 1201 victoriis
498 1157 537 1201 ex
562 1132 703 1223 imperii
732 1132 897 1201 hostibus
927 1134 1060 1220 relatis,
1076 1151 1186 1224 grata,
1213 1152 1261 1218 et,

141 1249 170 1316 si
192 1249 240 1316 ita
269 1248 368 1341 loqui
397 1249 491 1333 licet,
521 1249 706 1340 popularis
742 1250 840 1317 fieret
863 1249 1044 1341 Principis
1076 1267 1258 1341 potestas:

140 1364 316 1455 quicquid
334 1382 453 1433 autem
470 1364 617 1432 molitus
641 1382 693 1433 est
711 1367 912 1456 Augustus,
931 1366 966 1433 in
983 1366 1018 1434 id
1036 1389 1142 1434 omne
1162 1367 1261 1435 incu-

141 1481 234 1567 buit,
251 1504 368 1571 neque
384 1504 545 1572 unquam
563 1482 748 1572 proposito
765 1482 938 1551 Horatius
955 1483 1079 1551 deluit.

188 1600 283 1690 Dum
300 1598 536 1680 Octavianus,
555 1620 719 1667 reversus
741 1598 785 1666 ab
815 1598 963 1668 Oriente
989 1616 1023 1667 et
1051 1617 1260 1669 cunctarum

142 1736 263 1782 rerum
279 1731 493 1805 potestatem
511 1697 609 1782 falsis
627 1714 838 1783 nominibus
854 1716 1018 1805 adeptus,
1034 1716 1132 1784 omui
1147 1740 1213 1807 ope
1227 1736 1260 1785 et

141 1853 250 1920 opera
281 1830 408 1900 nititur
438 1849 478 1900 ut
509 1830 827 1922 praestantissimos
856 1831 1076 1900 devictarum
1103 1834 1258 1923 partium

144 1948 356 2038 superstites
379 1947 475 2015 viros
505 1949 549 2016 ad
582 1973 618 2016 se
639 1947 781 2033 alliciat,
802 1965 836 2016 et
865 1948 908 2016 ad
939 1949 1260 2017 communicandos

142 2065 300 2133 honores
317 2063 456 2148 invitet,
476 2066 637 2148 Flaccus,
655 2064 756 2155 quasi
777 2064 951 2155 propositi
967 2066 1146 2149 conscius,
1164 2067 1272 2133 hunc.

140 2181 186 2248 ad
206 2181 471 2271 praeteritorum
488 2180 722 2264 oblivionem,
742 2181 844 2249 illum
872 2182 915 2248 ad
944 2181 1131 2250 meliorem
1159 2204 1257 2272 spem

142 2314 324 2388 provocat.
353 2298 403 2365 Ita
436 2299 474 2366 L.
503 2296 675 2378 Sestium,
699 2297 760 2387 qui
794 2320 859 2388 pro
886 2313 1062 2388 quaestore
1093 2298 1128 2366 in
1158 2299 1258 2367 Bruti

140 2414 268 2482 castris
285 2393 513 2498 militaverat,
531 2430 564 2481 et
580 2414 634 2481 sui
654 2413 755 2482 ducis
772 2414 946 2504 imagines
971 2432 1069 2505 grata
1087 2414 1260 2483 memoria

140 2529 281 2599 colebat
298 2530 359 2618 (r),
385 2531 546 2599 hortatur
563 2547 665 2621 poeta
686 2547 725 2597 ut
741 2531 845 2624 genio
862 2530 1059 2621 indulgeat,
1076 2531 1260 2601 brevitatis

140 2644 225 2715 vitae
239 2670 322 2715 eum
341 2647 563 2715 admonens:

213 2769 289 2828 Vitae
307 2789 425 2827 summa
440 2771 538 2828 brevis
555 2789 639 2844 spem
654 2789 710 2827 nos
726 2784 805 2829 vetat
825 2772 969 2829 inchoare
985 2772 1104 2846 longam
1121 2772 1168 2845 (2).

140 2916 215 3004 Qui
250 2919 404 2984 veterem
439 2917 505 2984 sub
538 2918 649 2985 Bruto
679 2916 846 2986 militiam
881 2917 1015 2986 sensim
1039 2917 1173 2986 oblitus
1195 2936 1260 3002 est,

139 3048 176 3100 et
194 3030 238 3100 ab
250 3036 416 3123 Augusto
433 3032 577 3101 tandem
591 3036 817 3102 consulatum
835 3029 979 3125 accepit.
1001 3034 1154 3102 Munatii
1171 3057 1259 3124 quo-

137 3171 212 3239 que
228 3149 365 3234 Planci,
384 3149 516 3240 qui,·ut
534 3149 583 3217 ait
597 3150 755 3218 Velleius
781 3153 836 3239 (3),
865 3152 991 3218 morbo
1013 3150 1186 3241 proditor,
1206 3168 1259 3218 to-

136 3265 208 3334 ties
235 3265 279 3333 ab
303 3265 381 3334 aliis
405 3267 449 3334 ad
476 3266 565 3334 alios
583 3266 785 3352 transierat,
814 3267 1060 3355 aegrimoniam
1083 3267 1258 3336 consolari

136 3382 276 3469 studet,
290 3383 378 3450 dum
394 3382 520 3451 invitat
540 3400 579 3451 ut
600 3383 698 3452 molli
721 3406 820 3453 mero
838 3384 937 3453 finire
955 3384 1159 3452 meminerit

426 3524 595 3582 Tristitiam
615 3525 746 3599 vitaeque
762 3526 882 3582 labores
899 3528 949 3598 (4).

54 3687 57 3692 ·
133 3668 252 3738 Haud
270 3667 371 3736 aliter
390 3669 565 3759 Pompeio
585 3669 689 3754 Varo,
708 3670 817 3738 veteri
837 3670 1089 3754 commilitoni,
1106 3669 1259 3738 oblivio-

173 3885 217 3955 (ι)
240 3880 496 3952 D10.Cass.,tur,
515 3882 560 3937 32.

175 3971 220 4040 (2)
237 3969 343 4026 Carm.
360 3989 380 4041 1,
396 3988 425 4041 4,
446 3971 492 4027 15.

171 4060 213 4132 (3)
231 4077 262 4127 11,
279 4059 325 4116 83.
499 4109 503 4114 ,

171 4150 216 4222 l4)
233 4147 340 4208 carm·
357 4165 429 4224 1‚7;
447 4150 664 4210 cf.0ua1.t1ad
682 4152 699 4207 l.
717 4170 742 4208 c.
