2970 5280
224 1825 306 1883 QUID
328 1825 498 1872 HORATIUS
517 1829 552 1873 ΙΝ
570 1827 698 1874 LYRlClS
717 1827 919 1874 CARMINIBUS
940 1828 1067 1875 GRAECIS
1090 1829 1252 1876 DEBUERIT

178 2041 201 2093 1.
223 2040 317 2101 Quare
333 2041 452 2105 Graecos,
468 2044 511 2093 vel
527 2043 555 2091 in
571 2043 657 2106 lyrica
672 2043 759 2107 poesi,
772 2042 908 2094 imitetur.
926 2069 957 2080 -
970 2042 1002 2094 ll.
1023 2042 1167 2103 Quosnam
1186 2043 1296 2108 potissi-

210 2136 289 2170 mum
310 2131 453 2186 sequatur.
469 2150 499 2158 —
517 2123 563 2172 lll.
583 2123 646 2184 Qua
664 2123 779 2185 ratione,
798 2122 921 2186 quidque
938 2131 1093 2173 mutuetur.
1109 2148 1139 2160 —
1157 2123 1204 2174 IV.
1225 2124 1298 2172 Doc-

210 2202 312 2252 trinam
329 2218 447 2268 graecam
466 2203 500 2252 de
517 2203 577 2253 diis.
596 2231 626 2240 -
644 2204 673 2252 V.
689 2204 811 2253 Ornatus
827 2203 973 2256 orationis.
990 2231 1018 2241 -
1036 2203 1079 2252 Vl.
1098 2204 1183 2253 Metra
1196 2204 1294 2268 lyrica.

225 2474 252 2541 1·.
280 2471 401 2560 Quare
427 2473 481 2539 vel
507 2471 543 2539 in
574 2471 681 2560 lyrica
706 2471 820 2562 poesi,
845 2471 946 2558 cujus
971 2494 1011 2540 ea
1039 2490 1165 2539 natura
1191 2490 1243 2540 est
1260 2488 1298 2539 ut

178 2610 306 2678 parum
321 2588 491 2676 ponderis
508 2587 647 2671 habeat,
664 2587 732 2655 nisi
748 2588 981 2678 praesentium
1000 2603 1204 2678 temporum
1218 2568 1297 2656 red-

179 2705 238 2773 dat
268 2704 369 2793 quasi
405 2703 628 2772 verissimam
661 2703 870 2794 imaginem,
902 2704 1076 2772 Horatius
1106 2703 1150 2771 ad
1182 2703 1297 2772 aliena

179 2821 339 2910 exempla
361 2819 573 2910 confugerit,
603 2819 697 2888 haud
727 2821 840 2888 multo
866 2842 971 2911 opere
998 2842 1246 2909 assequemur,
1266 2822 1295 2888 si

180 2935 290 3005 menti
305 2936 515 3004 obversetur
525 2958 608 3004 cum
620 2958 777 3005 romanae
790 2936 908 3026 poesis
921 2936 1059 3004 indoles
1073 2952 1106 3023 et
1117 2936 1296 3021 condicio,

179 3069 257 3120 tum
269 3052 456 3142 proprium
470 3053 582 3120 nostri
597 3071 710 3142 poetae
724 3051 922 3142 ingenium.
939 3053 991 3120 Ex
1004 3052 1170 3122 universa
1183 3075 1298 3121 roma-

181 3191 307 3237 narum
324 3168 524 3237 litterarum
539 3167 688 3237 historia
705 3167 790 3236 satis
804 3187 943 3236 constat
961 3191 1021 3236 eos
1032 3168 1148 3236 ‘luisse
1163 3170 1297 3238 Roma-

182 3307 246 3353 nos
273 3284 335 3374 qui
357 3283 477 3374 potius
502 3300 576 3353 arte
603 3303 636 3353 et
664 3284 826 3353 doctrina
854 3307 963 3375 quam
991 3285 1135 3375 ingenio
1157 3286 1298 3376 poesim

181 3402 393 3484 excolerent,
405 3401 492 3469 adeo
505 3400 637 3485 ut,-nlsi
651 3401 859 3470 Graecorum
869 3403 1031 3490 exemplo
1044 3400 1159 3470 allecti
1175 3417 1207 3469 et
1221 3424 1299 3469 ves·

181 3517 277 3607 tigiis
294 3517 395 3607 quasi
411 3516 506 3585 ducti
525 3535 655 3601 essent,
671 3517 728 3584 vix
738 3518 787 3584 ad
805 3519 994 3586 Musarum
1014 3535 1106 3586 artes
1120 3519 1297 3586 accessuri

180 3633 344 3702 luissent.
374 3624 562 3702 Domanda
585 3633 651 3701 fuit
678 3633 951 3717 feroxindoles,
978 3619 1174 3702 flectendus
1198 3633 1299 3701 latini

182 3750 358 3816 sermonis
370 3748 477 3841 rigor,
492 3748 682 3818 ediscenda
694 3771 894 3841 graecorum
907 3768 1105 3818 metrorum
1117 3749 1299 3817 concinni·

181 3884 245 3951 tas,
264 3866 476 3956 priusquam
496 3865 650 3955 propriis
667 3865 802 3933 viribus
823 3866 986 3949 fidentes,
1006 3865 1130 3934 laxatis
1152 3866 1299 3956 ingenio

182 3982 343 4065 habenis,
356 3982 515 4051 ‘liberius
534 3981 570 4049 in
587 3981 809 4072 argumentis
830 3981 1037 4050 domesticis
1059 3981 1299 4072 exspatiaren·

181 4114 249 4167 tur.
269 4105 320 4166 Ac
336 4121 378 4166 ne
396 4097 483 4189 ipsis
502 4097 649 4190 quidem
664 4098 819 4188 Augusti
836 4098 1061 4189 temporibus
1085 4099 1173 4166 adeo
1192 4120 1298 4188 expo-
