2970 5280
649 528 693 540 .-
718 504 763 579 29
786 523 827 541 ..-

223 633 265 701 V.
283 634 316 703 Α
332 632 441 702 rebus
458 632 503 700 ad
521 631 629 701 verba
648 631 677 699 si
693 629 915 716 delabimur,
934 653 1007 700 non
1022 631 1143 700 minus
1160 628 1300 701 studio-

180 771 262 817 sum
295 747 504 818 Graecorum
530 747 754 821 imitatorem
781 746 817 815 in
859 747 1011 817 Horatio
1054 748 1296 839 agnoscimus.

182 865 372 936 Summam
402 864 511 949 enim,
543 864 641 954 quod
673 864 717 932 ad
747 863 940 954 eloquendi
985 880 1097 933 artem
1134 864 1301 954 pertinet,

181 981 291 1050 fuisse
314 980 502 1048 Venusino
530 981 686 1062 laudem,
717 979 928 1070 peritissimi
955 981 1120 1049 omnium
1149 981 1300 1069 judices

182 1096 810 1187 nempeipsiuscives,consentiunt3
827 1097 1018 1164 Petronius
1031 1098 1211 1166 curiosam
1226 1097 1302 1186 ejus

182 1213 389 1282 felicitatem
417 1212 537 1280 laudat
561 1214 626 1299 (ι),
663 1211 868 1303 Fabiusque
906 1234 988 1280 eum
1023 1212 1157 1298 judicat
1184 1213 1302 1282 verbis

181 1328 386 1397 felicissime
421 1329 592 1397 audacem
610 1329 667 1416 (a).
704 1328 805 1417 Quid
828 1350 912 1397 vero
927 1328 996 1397 sibi
1020 1329 1106 1397 velit
1132 1329 1302 1420 vulgatis·

182 1445 316 1513 simum
336 1444 425 1512 illud
443 1443 631 1528 judicium,
652 1443 836 1533 exquirere
854 1465 972 1534 operae
988 1445 1143 1535 pretium
1159 1446 1239 1529 erit,
1258 1469 1302 1514 ne

182 1561 340 1651 ineptius
357 1562 400 1630 de
421 1559 564 1628 Horatii
577 1559 791 1651 graecismiS‚
809 1583 901 1651 quos
920 1578 1063 1646 vocant,
1088 1562 1298 1630 sentiamus.

183 1677 281 1747 Dixit
300 1677 449 1768 quidam
465 1696 545 1768 post
564 1693 704 1746 renatas
731 1676 768 1745 in
787 1676 984 1748 Occidente
1001 1677 1136 1749 litteras
1149 1679 1193 1747 de
1211 1678 1303 1746 anti·

182 1793 265 1884 quis
293 1793 500 1862 auctoribus
533 1794 623 1862 bene
654 1793 836 1862 meritus:
870 1821 887 1857 «
915 1793 1030 1863 Multa
1057 1816 1170 1884 graeca
1194 1795 1302 1864 verba

185 1909 362 1979 Horatius
384 1909 648 1999 elegantissime
666 1909 841 2000 expressit
856 1934 866 1993 ς
879 1931 962 1978 cum
980 1909 1077 1977 enim
1092 1911 1212 1999 plures
1227 1933 1303 1978 sen·

183 2027 314 2095 tentias
335 2027 379 2094 ab
397 2025 473 2114 ejus
493 2025 649 2094 nationis
679 2025 907 2117 pbilosophis
924 2048 963 2093 ac
983 2025 1098 2116 poetis
1115 2026 1302 2117 acciperet,

183 2141 486 2212 consuetudinem
530 2164 675 2232 quoque
712 2142 889 2210 sermonis
936 2142 1095 2210 studiose
1141 2142 1304 2211 imitatus

185 2276 278 2328 est»
302 2261 360 2346 (3).
399 2257 498 2346 Quid
521 2279 605 2348 ergo
634 2259 645 2326 i
673 2261 770 2328 Num
800 2259 847 2326 ita
869 2279 924 2326 res
943 2257 1149 2348 accipienda
1169 2275 1236 2343 est,
1262 2275 1302 2327 ut

186 2375 381 2444 Horatium
408 2374 609 2461 judicemus
627 2374 740 2443 multa
758 2374 930 2443 vocabula
954 2398 973 2442 a
990 2373 1124 2443 Graecis
1144 2392 1302 2443 transtu·

184 2491 284 2576 lisse‚
302 2513 450 2560 romana
482 2490 619 2576 fecisse,
649 2490 802 2559 latinum
827 2512 1032 2560 sermonem
1054 2491 1303 2560 transmarinis

182 2607 302 2677 verbis
315 2607 610 2697 locupletavisse?
624 2607 767 2678 Scimus
783 2607 931 2697 quidem
948 2629 1045 2692 eum,
1063 2608 1166 2697 quasi
1184 2608 1304 2678 latinae

134 2708 140 2714 ’
182 2725 406 2815 paupertatis
441 2741 648 2812 pertaesum,
678 2723 770 2791 nihil
802 2723 873 2791 lere
907 2723 1092 2812 antiquius
1134 2723 1305 2793 habuisse

183 2862 295 2930 quam
311 2857 352 2908 ut
386 2838 621 2929 scriptoribus
650 2840 809 2908 romanis
836 2839 1026 2908 ditandum
1050 2840 1208 2929 patrium
1231 2862 1304 2908 ser·

184 2977 332 3024 monem
363 2957 528 3023 suaderet
542 2957 602 3045 (4),
626 2955 767 3044 sibique
801 2956 932 3044 petisse
964 2978 1072 3046 quam
1097 2955 1176 3024 aliis
1207 2957 1305 3024 daret

184 3092 353 3141 ventam:

631 3197 696 3269 Ego
711 3213 775 3259 cur,
792 3194 950 3268 acquirere
966 3213 1061 3269 pauca

416 3294 449 3352 Si
463 3312 600 3368 possum,
617 3294 779 3350 invideor?

182 3450 261 3533 sed,
297 3464 336 3516 ut
370 3448 501 3538 ignotae
538 3448 588 3516 rei
626 3469 760 3515 novum
787 3469 920 3516 nomen
946 3446 1084 3536 imponi
1113 3447 1230 3530 licere,
1257 3447 1305 3514 ita

180 3586 295 3656 quam
315 3564 467 3634 maxime
495 3565 694 3632 cavendum
722 3564 902 3666 censebat3
930 3586 973 3632 ne
1001 3562 1179 3633 Canusini
1205 3584 1305 3632 more

219 3844 256 3912 (ι)
270 3842 366 3898 Pnra.
381 3841 479 3896 Satir.
500 3841 564 3897 118.

219 3931 258 4005 (2)
278 3931 353 3987 Inst.
369 3947 426 3996 or.,
438 3948 467 3994 x,
488 3948 511 3995 r,
528 3929 576 4002 96.
1099 4001 1102 4007 ι

220 4019 260 4092 (3)
281 4020 312 4075 P.
329 4021 497 4076 Vrcroruus
513 4016 668 4089 (Vettori)‚
684 4017 724 4072 ad
739 4016 809 4074 Cic.
832 4018 930 4092 Epist.
947 4018 987 4072 ad
1006 4017 1071 4072 Diu.
1093 4034 1133 4082 rx,
1153 4035 1198 4072 20.

222 4108 265 4179 (4)
285 4108 382 4182 Epist.
395 4127 426 4173 11,
438 4126 465 4173 a,
484 4106 606 4163 115-121
627 4126 634 4172 ;
651 4105 718 4164 Art.
734 4123 764 4180 p.
776 4107 879 4179 47-62.
