2970 5280
618 512 822 577 -116—

179 652 320 724 Stoicos
349 651 523 721 invidiam
562 651 679 736 faciat,
715 674 831 742 neque
857 673 981 720 rursus
1017 651 1052 720 id
1088 651 1310 722 Stoicorum

176 769 349 838 doctrinae
365 767 540 859 permittit
555 785 700 859 propter
717 752 814 857 quod
830 768 1026 837 inhumana
1042 767 1086 837 ab
1105 767 1308 859 Epicureis

181 885 370 973 judicetur.

223 1000 260 1072 Si
283 1001 388 1069 toties
414 1019 447 1069 et
466 1000 502 1069 in
529 1000 648 1091 lyricis
679 999 899 1069 carminibus
929 1017 963 1069 et
993 1000 1029 1068 in
1058 999 1308 1070 sermonibus

179 1118 304 1186 suadet
327 1117 464 1202 amicis,
483 1139 592 1207 quem
607 1117 675 1185 sibi
693 1138 831 1185 morem
846 1116 939 1201 fecit,
957 1133 996 1185 ut
1012 1116 1178 1185 fruantur
1195 1138 1305 1207 para·

177 1233 222 1301 tis
238 1235 294 1322 (1),
317 1232 346 1300 si
369 1235 569 1303 exclamat:

320 1377 390 1446 Quo
406 1374 480 1432 mihi
496 1375 660 1442 fortunam,
679 1375 704 1432 si
720 1393 782 1433 non
797 1375 976 1433 conceditur
991 1375 1034 1432 uti
1050 1375 1063 1431 ?
1086 1377 1137 1447 (a).

179 1569 365 1636 nunquam
392 1561 510 1614 tamen
546 1567 629 1614 cum
658 1545 845 1637 Epicureis
870 1545 1048 1615 consentit
1077 1546 1306 1635 voluptatem

179 1662 508 1730 summumbonum
523 1662 594 1730 dici
615 1685 737 1752 posse,
755 1663 827 1731 imo
843 1663 1063 1753 spernendas
1078 1684 1156 1730 esse
1175 1661 1307 1752 volup·

178 1758 376 1868 tates,·quae
393 1778 516 1846 dolore
537 1795 701 1846 emantur
718 1781 774 1866 (3),
793 1780 942 1848 firmiter
955 1796 1091 1861 censet;
1104 1799 1168 1846 nec
1183 1777 1308 1846 Zeno-

180 1894 235 1962 nis
266 1894 465 1985 discipulus
514 1895 821 1985 ausit'praecepto
859 1894 1114 1978 contradicere,
1156 1894 1308 1963 tametsi

181 2011 287 2078 aliam
314 2033 458 2080 causam
495 2032 557 2078 cur
597 2011 825 2101 praecipiatur
849 2012 1027 2102 postulare
1062 2027 1181 2101 queat.
1203 2013 1309 2081 Tum

182 2148 326 2217 quoque
352 2149 474 2196 cavere
494 2126 636 2196 videtur
660 2151 703 2195 ne
730 2127 899 2196 disertius
917 2150 956 2195 ea
985 2125 1160 2218 principia
1193 2129 1309 2221 proti-

181 2261 295 2312 teatur
308 2244 343 2313 in
362 2245 494 2335 quibus
513 2262 623 2313 totam
642 2245 708 2313 niti
726 2244 933 2316 Stoicorum
953 2245 1127 2313 rationem
1144 2262 1307 2314 constat.

181 2360 276 2431 Cum
292 2361 438 2429 effatum
462 2361 550 2429 iilud
573 2389 590 2424 ι(
617 2362 734 2430 vivere
761 2380 897 2430 naturae
928 2360 1221 2430 convenienter»
1242 2363 1309 2450 (4),

181 2477 326 2567 profert,
341 2501 382 2546 eo
394 2479 663 2567 quodammodo
675 2478 792 2566 jocose
803 2479 976 2563 abutitur,
986 2496 1025 2546 ut
1038 2479 1154 2545 Fusco
1165 2500 1308 2568 appro-

182 2604 238 2661 bet
260 2620 276 2657 «
303 2595 443 2662 nullum
463 2594 581 2662 iocum
600 2595 776 2685 potiorem
795 2616 872 2663 esse
892 2617 973 2663 rure
994 2595 1147 2662 beato».
1173 2592 1309 2663 Virtus

180 2726 233 2777 est
249 2731 329 2800 quae
345 2732 416 2778 una
436 2726 470 2777 et
495 2712 570 2779 sola
592 2709 696 2778 saciat
718 2711 875 2795 beatum,
893 2710 994 2779 aiunt
1023 2708 1133 2780 Stoici
1150 2729 1159 2792 3
1184 2710 1311 2781 Hora·

178 2825 250 2893 tius
291 2825 507 2894 sententiam
531 2825 672 2911 dividit,
698 2825 901 2917 Stoicisque
931 2825 1095 2895 concedit
1126 2825 1307 2897 virtutem

180 2941 294 3009 solam
315 2963 376 3031 per
403 2965 445 3009 ⁴se
470 2941 629 3010 sufficere
659 2961 696 3011 ut
726 2943 813 3033 quis·
827 2944 969 3012 beatam
988 2943 1099 3011 vitam
1119 2941 1307 3032 adipisca-

177 3072 235 3124 tur
245 3059 288 3144 (5)
303 3076 312 3140 3
327 3074 448 3125 utrum
465 3078 548 3126 vero
563 3080 634 3126 una
649 3059 684 3127 id
699 3059 825 3150 possit,
846 3081 921 3128 rem
937 3056 1172 3147 injudicatam
1190 3059 1307 3128 relin-

122 3206 124 3210 ·
178 3172 255 3261 quit
271 3174 325 3261 (6).
349 3174 513 3242 Fortasse
531 3173 658 3243 dixerit
674 3175 869 3265 quispiam,
890 3175 917 3242 si
942 3197 998 3242 res
1015 3175 1063 3242 ita
1089 3197 1126 3242 se
1154 3175 1304 3262 babeat,

176 3289 423 3358 inconstantiae
441 3291 758 3380 reprehensionem
787 3291 824 3360 in
856 3291 1049 3360 Horatium
1077 3290 1223 3378 cadere,
1241 3293 1308 3384 qui

176 3407 219 3474 ad
239 3405 455 3495 Quinctium
473 3406 655 3498 scripserit
675 3429 682 3475 ;

215 3631 253 3701 (ι)
270 3629 378 3687 Carm.
396 3649 416 3698 1,
437 3631 528 3702 11,8;
546 3663 579 3672 -
597 3631 642 3702 31,
664 3649 771 3705 173‘1v,
788 3650 816 3704 7,
838 3632 970 3705 19;Sat.
986 3648 1017 3702 11,
1032 3631 1060 3701 6,
1080 3631 1112 3687 13
1130 3648 1138 3701 ;
1155 3631 1267 3708 Epist.
1287 3654 1311 3703 t,

182 3718 228 3786 18,
250 3737 301 3792 107
318 3733 347 3776 er
361 3720 485 3794 passim.

215 3809 258 3877 (2)
279 3809 378 3883 Epist.
394 3829 415 3878 1,
434 3810 460 3881 5,
481 3828 524 3865 12.

215 3897 255 3969 (3)
275 3898 372 3972 Epist.
389 3915 409 3965 1,
427 3900 516 3965 2‚·55.

217 3988 258 4057 (4)
278 3987 377 4062 Epist.
394 4006 414 4058 1,
434 4006 477 4058 10,
499 4006 546 4046 ra.

217 4076 256 4147 (5)
277 4075 383 4135 Carm.
403 4094 443 4146 ιν,
460 4096 488 4150 9,
504 4078 541 4148 46
551 4075 641 4150 seqq.

217 4165 254 4237 (6)
274 4165 372 4240 Epist.
388 4183 409 4238 1,
429 4168 457 4237 6,
472 4164 527 4223 30:
653 4166 657 4188 ⁶
