2970 5280
591 555 635 566 -
665 517 706 606 19'
730 553 773 569 .-

123 657 221 748 quod
240 657 363 741 sciam,
377 656 528 729 dubium
542 657 610 726 fuit
621 657 708 748 quin
731 657 918 727 horatiana
936 657 1093 728 carmina
1107 655 1242 727 variam

123 772 289 842 imitandi
316 773 505 859 rationem,
534 792 567 843 et
597 773 796 865 profectum
823 774 1005 863 quendam
1031 774 1242 865 apressiori

125 888 325 958 imitatione
352 891 395 958 ad
426 889 601 980 integram
628 889 808 958 scribendi
838 889 1039 960 libertatem
1066 889 1243 981 gradatim

123 1022 370 1095 assurgentem
401 1005 634 1088 denuntient3
653 1007 728 1098 *sed
757 1006 969 1075 imitationis
997 1007 1104 1093 hujus
1130 1007 1243 1074 initiis

129 1121 324 1190 Horatium
340 1120 429 1201 nihil
441 1121 538 1189 aliud
551 1144 660 1212 quam
677 1144 814 1191 meram
825 1144 1025 1212 graecorum
1036 1140 1242 1213 poematum

125 1237 398 1306 translationem
435 1236 649 1327 prodidisse,
684 1220 781 1307 nulla
810 1239 894 1306 satis
920 1238 1117 1328 probabilis
1153 1238 1243 1306 ratio

125 1354 287 1422 evincere
304 1370 434 1444 potest,
458 1335 571 1422 imino
595 1355 709 1422 multa
735 1353 903 1444 refragari
932 1353 1111 1423 videntur.
1144 1353 1243 1441 Quid
1265 1350 1269 1356 ’

124 1469 201 1559 ipse
217 1470 260 1537 de
278 1469 434 1559 ingenua
449 1470 649 1539 imitatione
668 1471 945 1561 praeceperit(1l,
964 1469 1051 1559 quid
1067 1471 1110 1538 de
1125 1470 1243 1537 servili

125 1584 336 1673 judicaverit
357 1589 417 1674 (a),
432 1608 543 1675 quam
559 1587 685 1655 acriter
702 1586 752 1654 illi
772 1585 881 1654 bilem
906 1585 1058 1653 moverit
1084 1584 1242 1654 imitato-

124 1723 206 1770 rum
224 1724 369 1770 servum
383 1724 491 1791 pecus
509 1704 566 1790 (3),
590 1703 620 1770 si
644 1703 833 1794 paululum
862 1702 984 1770 animo
1009 1700 1242 1793 reputaveris,

125 1839 196 1886 non
214 1818 314 1887 facile
333 1819 469 1903 credes,
488 1818 630 1909 opinor,
652 1841 813 1907 unquam
831 1818 933 1885 illum
950 1819 1125 1886 meruisse
1144 1835 1183 1886 ut
1208 1818 1243 1884 in

125 1932 233 2002 istam
256 1933 480 2003 imitatorum
501 1934 658 2019 turbam,
680 1933 782 2024 quasi
804 1933 986 2001 cornicula
1010 1932 1152 2001 furtivis
1178 1955 1245 2000 nu·

125 2049 207 2118 data
222 2049 404 2118 coloribus
418 2052 475 2138 (4),
492 2051 708 2119 truderetur.
727 2051 864 2118 Verum
879 2048 976 2117 enim
992 2049 1027 2116 in
1041 2050 1166 2117 eadem
1185 2047 1245 2116 illa

127 2165 294 2255 Epistula
321 2167 377 2254 (5),
409 2189 480 2256 qua
509 2167 660 2235 stolidos
694 2165 891 2234 imitatores
916 2182 990 2233 tam
1015 2166 1246 2233 vehementer

125 2281 289 2372 exagitat,
320 2304 391 2349 non
431 2282 507 2350 sine
542 2305 714 2373 generosa
747 2282 903 2371 quadam
931 2280 1097 2371 superbia
1133 2280 1245 2348 anxiae

126 2398 386 2487 exemplarium
404 2399 650 2488 superstitioni
671 2398 855 2467 liberalem
867 2420 968 2465 suam
982 2396 1145 2465 imitandi
1161 2419 1246 2464 con·

126 2513 357 2582 suetudinem
370 2514 532 2605 opponit.
552 2515 647 2585 Cum
662 2513 922 2582 Archilochum
935 2511 1035 2581 latini
1048 2512 1136 2601 juris
1151 2511 1244 2597 fecit,

126 2652 199 2698 non
226 2636 281 2698 res
316 2648 350 2699 et
371 2631 479 2699 verba
501 2630 680 2715 reddidi13
705 2631 790 2699 satis
822 2629 947 2698 habuit
972 2650 1142 2697 numeros
1170 2628 1245 2696 ani·

126 2769 293 2837 mosque,
312 2749 439 2816 modos
456 2767 490 2816 et
507 2748 677 2816 carminis
698 2767 810 2816 artem
830 2749 994 2831 retinere,
1017 2746 1149 2836 quibus
1172 2747 1246 2835 ple-

127 2885 281 2954 rumque
304 2883 514 2954 argumenta
530 2886 686 2933 romana
709 2864 909 2954 explicaret.
931 2862 1033 2934 Nihil
1051 2862 1100 2929 ibi
1120 2862 1248 2949 jactan-

125 2979 200 3048 tius
235 2980 279 3049 ah
319 2980 473 3049 Horatio
511 2980 698 3071 praedicari
737 2981 843 3049 fidem
871 2979 1006 3049 faciunt
1038 2975 1247 3047 Archilochi

126 3090 338 3186 fragmenta,
357 3119 398 3166 ex
410 3097 542 3186 quibus
555 3120 598 3165 ne
612 3120 757 3166 versum
769 3096 916 3187 quidem
931 3117 1116 3184 excerpere
1129 3093 1247 3185 possis

128 3211 192 3302 qui
209 3214 293 3281 satis
307 3214 352 3281 ad
363 3213 499 3305 epodos
517 3212 723 3283 horatianos
736 3215 911 3303 quadrare
927 3213 1101 3280 videatur.
1119 3209 1247 3281 Statim

127 3349 213 3396 vero
235 3329 324 3396 illud
342 3328 541 3418 subjungit,
560 3329 657 3419 quod
676 3329 783 3397 nimis
801 3353 819 3398 a
838 3329 1057 3420 quibusdam
1078 3328 1250 3417 interpre-

127 3442 226 3512 tibus
243 3445 444 3534 neglectum
461 3444 511 3512 rei
534 3444 570 3512 in
588 3447 827 3535 quaestionem
848 3462 981 3512 vocatae
1001 3444 1096 3512 haud
1121 3463 1248 3532 parum

128 3559 220 3627 lucis
237 3559 337 3628 addit
355 3580 363 3628 :
387 3559 495 3645 hunc,
510 3563 571 3646 ait,
591 3560 725 3631 scilicet
740 3563 916 3646 Alcaeum,

165 3793 289 3863 (1lArt.
309 3807 342 3865 p.
362 3792 502 3848 131-135.

163 3885 209 3948 (2)
224 3881 324 3954 Epist.
345 3899 365 3951 1,
388 3881 531 3951 3,15-20.

166 3968 319 4043 (ttfiptst.
336 3989 355 4039 1,
377 3988 418 4042 19,
440 3987 481 4043 19.

166 4061 206 4128 (4l
222 4059 324 4133 Epist.
343 4075 362 4125 1,
377 4057 403 4128 3,
421 4075 468 4113 20.

167 4146 206 4217 (5)
220 4147 318 4221 Epist.
333 4166 353 4218 1,
374 4164 417 4221 19,
429 4165 461 4202 21
481 4164 566 4220 seqq.
