2970 5280
233 633 428 722 Quomodo
459 635 569 725 igitur
605 636 697 703 inter
729 653 929 726 pugnantes
957 656 1080 705 secum
1113 636 1306 706 sententias

165 831 167 835 y
188 749 365 819 sinceram
385 750 526 820 Horatii
552 751 764 842 opinionem
785 752 995 842 dignoscere
1013 751 1153 822 licebit?
1172 753 1305 824 Utrum

189 889 231 934 eo
261 866 471 936 temeritatis
501 867 622 935 venire
653 844 928 953 sustinebimus,
960 886 1000 938 ut
1031 869 1193 938 dicamus
1223 892 1305 938 eum

189 986 299 1051 semel
324 982 454 1051 invita
480 985 523 1052 de
555 984 624 1053 diis
650 1007 690 1052 ex
714 985 836 1053 animo
866 985 1040 1069 locutum,
1069 1008 1151 1055 cum
1178 1009 1238 1055 eos
1262 986 1306 1054 ab

191 1100 430 1168 humanarum
447 1122 568 1168 rerum
586 1101 760 1192 regimine
776 1121 969 1185 amoveret,
990 1125 1105 1193 neque
1127 1102 1213 1170 alias
1237 1102 1305 1171 nisi

190 1215 397 1294 simulatam
424 1216 532 1284 fidem
562 1216 597 1283 in
624 1218 775 1286 deorum
803 1217 1064 1307 providentiam
1086 1219 1307 1309 professum

188 1332 322 1399 fuisse?
342 1335 401 1400 An
422 1332 542 1419 jocari,
558 1351 775 1423 cumnegat,
794 1333 886 1402 serio
904 1334 1017 1424 loqui,
1033 1356 1116 1402 cum
1134 1334 1308 1404 affirmat?

190 1448 367 1517 Promissi
392 1464 582 1528 memores,
606 1472 649 1518 ne
674 1432 832 1517 nimium
855 1449 1050 1518 haerentem
1072 1433 1109 1518 in
1133 1430 1307 1519 doctrinis

187 1587 394 1654 urgeamus,
419 1588 536 1655 neque
558 1566 818 1635 contendamus
847 1584 885 1635 ut
911 1584 1027 1656 poeta,
1046 1567 1185 1658 poetico
1209 1589 1307 1649 more

187 1680 404 1768 abjudicato,
432 1682 623 1751 sollicitam
642 1683 944 1774 philosophorum
970 1667 1194 1774 diligentiam
1216 1702 1308 1766 asse·

187 1816 331 1888 quatur.
351 1797 424 1887 Qui
444 1814 564 1867 autern
584 1799 726 1868 Horatii
749 1821 857 1890 opera
875 1799 910 1868 in
930 1800 1139 1869 universum
1157 1779 1307 1869 aestima-

187 1914 291 2000 verit,
316 1914 565 2005 rationemque
591 1916 735 1984 illorum
763 1935 972 2008 temporum¹
989 1935 1023 1985 et
1044 1934 1158 2005 poetae
1175 1916 1307 1985 indolis

189 2029 368 2115 habuerit,
388 2029 418 2098 si
439 2030 483 2098 ab
502 2053 544 2098 eo
569 2048 751 2121 quaeratur
775 2032 862 2121 quid
883 2049 989 2122 putet
1011 2011 1153 2122 poetam
1177 2035 1219 2100 de
1238 2032 1307 2100 diis

189 2145 359 2235 sensisse,
374 2146 526 2216 libenter
544 2147 760 2229 crediderim·
774 2147 832 2215 vix
848 2148 1059 2238 ambiguum
1075 2149 1148 2217 fore
1164 2148 1309 2217 candidi

188 2262 417 2332 aestimatoris
435 2285 662 2353 responsum.
681 2263 884 2332 Affirmabit
902 2264 1097 2333 Horatium
1110 2287 1191 2333 curn
1209 2265 1308 2357 prin-

186 2379 335 2470 cipibus·
350 2380 465 2448 aetatis
488 2403 562 2449 suae
581 2381 667 2449 viris
687 2380 834 2470 Epicuri
851 2380 1180 2471 disciplinae,1quod
1207 2382 1254 2450 ad
1272 2404 1309 2450 se

186 2495 374 2578 attinebat,
408 2496 616 2581 adhaesisse,
642 2517 726 2565 cum
752 2519 837 2566 vero
865 2514 1028 2586 poemata
1055 2497 1308 2582 conscriberet,
1340 2571 1345 2581 ,

186 2631 305 2701 neque
332 2612 420 2680 civis
446 2611 617 2696 officium,
639 2634 760 2703 >neque
790 2631 903 2703 poetae
931 2635 1065 2681 munus
1095 2614 1307 2705 neglexisse.

186 2729 300 2802 Poeta
323 2729 420 2797 enim
445 2749 516 2797 non
544 2729 793 2814 committebat
816 2749 854 2799 ut
882 2753 1024 2799 musam
1055 2731 1209 2821 privaret
1237 2730 1309 2800 illis

185 2844 447 2914 sententiarum
475 2845 647 2927 flosculis,
674 2845 744 2914 illis
767 2846 967 2926 luminibus
990 2869 1069 2937 quae
1096 2847 1230 2938 passim
1254 2848 1308 2916 vel

185 2962 282 3052 apud
309 2962 546 3053 philosophos
576 2963 629 3030 vel
659 2964 754 3052 apud
785 2979 908 3054 poetas
934 2986 1069 3055 graecos
1100 2964 1307 3049 invenerat3

185 3077 347 3167 civisque
361 3079 486 3170 patriae
503 3079 790 3162 amantissimus,
803 3080 858 3147 cui
880 3102 1092 3170 persuasu-m
1107 3098 1213 3164 esset,
1234 3080 1307 3171 pie-

186 3210 259 3263 tate
277 3195 448 3263 adversus
466 3196 552 3263 deos
571 3195 725 3280 sublata,
740 3217 859 3264 mores
874 3197 917 3264 in'
929 3197 1030 3286 pejus
1054 3198 1166 3279 abire,
1184 3196 1309 3265 civita-

185 3310 308 3401 tisque
340 3311 573 3380 fundamenta
606 3312 737 3396 labare,
774 3316 938 3402 Augusto
969 3313 1102 3403 templa
1135 3312 1306 3381 reficienti

183 3448 333 3518 operam
354 3428 558 3518 praestabat.

231 3542 304 3632 Qui
336 3567 418 3613 vero
444 3545 542 3613 illam
575 3544 852 3614 inconstantiam
883 3545 919 3613 in
956 3545 1108 3613 Horatio
1149 3545 1310 3614 severius

180 3659 393 3751 corripiant,
414 3661 438 3727 ii
455 3683 538 3729 sane
555 3660 717 3729 oblivisci
737 3661 881 3751 penitus
906 3661 1096 3729 videantur
1122 3663 1307 3730 Romano-

181 3776 319 3865 rumgin
349 3776 514 3864 colendis·
528 3776 598 3844 diis
615 3799 754 3845 morem
773 3794 807 3845 et
825 3776 1012 3845 rationem.
1034 3777 1063 3845 Ii
1082 3777 1180 3845 enim
1203 3799 1306 3846 sem-

131 3871 134 3876 ·
179 3893 422 3984 perfuerunt,
441 3893 518 3982 qui,
542 3909 732 3983 postquam
759 3892 794 3959 in
820 3894 958 3961 theatro
984 3892 1099 3983 poetis
1121 3894 1248 3961 Jovem
1275 3910 1308 3961 et

178 4009 332 4100 auguria
360 4008 595 4081 irridentibus
611 4009 842 4100 plausissent,
873 4009 954 4079 Jovi
978 4008 1186 4101 Capitolino
1200 4008 1305 4077 solita

179 4123 357 4196 sacrificia
372 4123 438 4193 rite
459 4142 493 4192 et
516 4125 609 4193 serio
634 4120 855 4217 peragerent,
875 4126 990 4215 neque
1013 4125 1308 4225 quicquam-gra·
