2970 5280
618 512 822 601 ·,-118--

175 657 328 748 graviter
350 672 401 724 tot
428 654 629 723 carminum
652 654 740 723 locis
763 653 1041 722 commendavit.
1068 655 1109 722 ln
1129 676 1173 724 eo
1199 655 1303 723 enim

177 774 343 864 ponenda
365 789 418 841 est
448 793 590 839 summa
628 769 787 839 hominis
810 768 972 854 felicitas,
999 769 1028 838 si
1053 769 1210 839 Horatio
1227 792 1302 840 cre·

175 889 285 974 ditur,
300 906 339 957 ut
354 886 519 979 superior
547 886 652 956 rebus
678 885 833 956 externis
849 902 884 954 et
910 885 1052 955 lortuna
1066 887 1128 974 (ι),
1165 886 1301 978 suique

134 1061 136 1066 ,
178 1023 211 1074 et
228 1004 410 1074 interioris
425 1004 605 1095 appetitus
621 1004 792 1072 dominus
811 1003 875 1092 (a),
895 1025 1036 1095 semper
1057 1025 1203 1094 aequum
1220 1003 1300 1073 ani-

176 1143 277 1190 mum
293 1142 432 1190 servare
459 1119 663 1189 meminerit
679 1120 736 1208 (3).
761 1119 1012 1210 Quaecumque
1040 1119 1150 1210 igitur
1172 1121 1301 1190 animo

176 1236 484 1328 perturbationem
500 1236 725 1327 ingenerant,
741 1235 852 1304 animi
869 1257 952 1304 cum
974 1257 1122 1327 corpore
1148 1258 1301 1307 concor·

177 1353 275 1421 diam
290 1354 448 1438 solvunt,
463 1370 510 1439 et,
532 1351 687 1422 breviter
712 1351 828 1421 dicere
854 1352 948 1436 licet,
970 1373 1210 1443 quaecumque
1230 1353 1300 1423 im-

177 1468 327 1561 pediunt
354 1468 551 1561 quominus
586 1469 729 1537 animus
757 1490 882 1559 aequus
910 1485 1129 1558 permaneat,
1164 1470 1209 1537 ab
1255 1471 1301 1539 iis

178 1607 322 1654 summo
342 1607 449 1674 opere
468 1583 580 1653 discat
600 1585 743 1676 sapiens
768 1585 928 1677 refugere
943 1605 952 1671 ;
968 1603 1001 1654 et
1023 1606 1119 1669 cum,
1140 1587 1300 1678 exempli
1320 1643 1330 1660 .

178 1725 296 1786 causa,
314 1701 522 1769 divitiarum
538 1701 718 1770 sitientem
737 1700 871 1769 divitiae
889 1702 933 1769 ad
957 1701 1302 1792 ampliusquaeren-

178 1817 266 1885 dum
290 1834 431 1902 acuant,
451 1817 585 1885 nedum
602 1839 763 1908 unquam
785 1819 949 1907 expleant
971 1819 1028 1906 (4),
1048 1811 1189 1888 ratione
1207 1820 1304 1890 duce

177 1934 353 2002 utendum
367 1951 433 2017 est,
451 1952 490 2001 ut

286 2067 378 2136 Quod
394 2066 467 2123 satis
496 2079 540 2124 est
556 2066 606 2123 cui
621 2065 781 2140 contingit,
800 2065 876 2122 nihil
891 2065 1021 2141 amplius
1036 2080 1120 2141 optet
1139 2069 1190 2140 (5).

179 2221 307 2290 Otium
322 2221 411 2288 illud
434 2220 640 2311 sapientis«
673 2243 788 2310 neque
813 2221 966 2311 gemmis
992 2243 1115 2312 neque.
1138 2245 1308 2312 purpura

181 2337 302 2405 venale
323 2359 438 2426 neque
456 2339 546 2405 auro'
559 2338 605 2424 (6)
622 2363 653 2420 n,
672 2359 743 2405 non
770 2353 867 2406 extra
885 2359 950 2404 nos
974 2337 1216 2427 quaerendum
1234 2359 1306 2426 est,

180 2453 241 2521 sed
256 2451 391 2520 anobis
407 2452 495 2542 ipsis
512 2453 720 2542 petendum.
737 2451 837 2542 Quid
853 2452 963 2536 enlm,
980 2453 1028 2521 ait
1045 2470 1162 2543 poeta,

534 2584 616 2654 Quid
629 2598 726 2642 terras
736 2585 796 2642 alio
807 2585 939 2642 calentes

442 2674 513 2731 Sole
530 2687 683 2731 mutamus
698 2674 710 2730 l
740 2674 849 2730 Patriae
864 2674 934 2748 quis
949 2675 1034 2731 exsul

534 2764 573 2819 Se
588 2781 712 2837 quoque
726 2763 801 2836 luglt
817 2769 827 2820 l
841 2764 890 2838 (7).

178 2913 299 3002 Quam
313 2915 528 2983 sententiam
546 2917 634 2983 adeo
652 2915 803 2984 feliciter
821 2914 906 2984 alibi
926 2915 1048 2984 incudi
1070 2917 1247 3006 reddidit,
1267 2940 1308 2991 ut

179 3028 358 3120 proverbii
376 3031 494 3098 locum
509 3029 705 3099 obtinuerit
723 3052 730 3098 :

269 3162 397 3233 Caelum,
408 3180 469 3219 non
485 3163 621 3221 animum
635 3177 763 3231 mutant,
773 3166 825 3238 qui
836 3176 918 3221 trans
933 3182 1014 3222 mare
1029 3180 1158 3225 currunt
1169 3170 1223 3242 (8).

178 3301 180 3303 ’
224 3296 288 3364 Illa
305 3297 414 3387 igitur
439 3298 549 3368 animi
572 3299 825 3390 tranquillitas,
847 3300 882 3369 in
899 3301 999 3369 omni
1018 3301 1163 3371 fortuna
1179 3327 1307 3398 aequa·

214 3529 255 3602 (1)
275 3529 383 3586 Carm.
398 3546 440 3598 ιιι,
458 3548 505 3604 29,
520 3530 554 3586 53
576 3532 816 3607 seqq-Epist.
830 3551 851 3604 1,
872 3550 896 3605 ι,
914 3551 961 3607 19.

213 3619 256 3689 (2)
275 3617 375 3693 Epist.
388 3636 409 3687 1,
423 3637 450 3687 ι,
467 3618 514 3675 62.

213 3708 250 3778 (3)
267 3707 374 3766 Carm.
390 3725 421 3780 ιι,
438 3709 467 3780 3,
486 3727 495 3765 1
515 3726 603 3784 seqq.

214 3796 253 3868 (4)
273 3795 379 3854 Carm.
395 3813 437 3870 ιιι,
458 3798 502 3870 ι6,
522 3817 566 3871 17.

213 3885 256 3956 (5)
275 3885 372 3960 Epist.
384 3905 405 3950 1,
417 3905 443 3952 2,
457 3889 505 3957 46.

213 3975 251 4044 (ὁ)
268 3974 373 4031 Carm.
389 3994 421 4045 ιι,
442 3978 485 4048 16,
501 3994 528 4049 7.

213 4063 251 4136 (7)
270 4063 365 4130 laid„
385 4081 428 4136 19·

213 4153 251 4227 (8)
265 4153 364 4228 Epist.
381 4172 400 4226 ι,
416 4172 459 4227 ιι,
477 4174 522 4229 ²7·
