2970 5280
686 486 868 553 ..53-

215 625 344 716 Reguli
358 628 563 717 exemplum
576 626 774 717 subjungit,
788 628 850 717 qui
870 628 992 718 patriae
1003 628 1139 718 flagitio
1150 629 1340 720 propriam
1433 612 1436 617 ⁵

213 742 408 832 perniciem
422 742 579 834 praetulit
596 763 604 812 ε

461 878 569 932 Fertur
584 876 704 949 pudicae
719 879 858 951 conjugis
875 879 1025 947 osculum,

464 967 639 1038 Parvosque
655 979 754 1037 natos,
771 980 803 1023 ut
823 967 931 1040 capitis
954 968 1064 1037 minor,

531 1056 577 1110 Ab
594 1072 624 1110 se
639 1056 815 1124 removisse,
833 1070 861 1113 et
877 1056 995 1113 virilem

592 1147 713 1201 Torvus
733 1145 817 1201 humi
835 1146 975 1219 posuisse
990 1146 1130 1219 vultum:

461 1234 565 1288 Donec
581 1233 718 1290 labantes
734 1233 863 1291 consilio
880 1247 979 1307 patres

462 1320 609 1379 Firmaret
624 1335 732 1379 auctor
748 1341 904 1398 nunquam
919 1324 992 1381 alias
1004 1324 1085 1390 dato,

530 1414 672 1486 Interque
690 1426 849 1469 maerentes
865 1412 980 1470 amicos

578 1502 726 1576 Egregius
741 1516 917 1576 properaret
933 1503 1027 1559 exsul.

458 1592 551 1667 Atqui
567 1591 692 1655 sciebat,
708 1609 777 1664 quae
794 1590 851 1647 sibi
867 1593 1014 1648 barbarus

408 1667 412 1675 ’
458 1682 573 1737 Tortor
593 1693 745 1753 pararet...

213 1834 314 1901 Adeo
332 1835 471 1901 romani
491 1857 617 1902 sensus
636 1834 685 1902 ibi
706 1835 749 1902 ad
764 1857 886 1903 verum
908 1835 1065 1925 expressi
1086 1835 1260 1921 eminent,
1280 1854 1336 1920 ut,

210 1947 291 2016 licet
309 1952 491 2040 egregium
509 1949 637 2039 Reguli
655 1950 793 2018 facinus
810 1949 915 2018 toties
932 1973 951 2016 a
976 1949 1150 2020 Cicerone
1168 1948 1215 2037 (ι)
1231 1950 1336 2018 aliis·

210 2086 279 2154 que
309 2067 552 2135 collaudatum
568 2066 626 2146 sit,
646 2088 830 2155 nunquam
847 2082 965 2133 tamen
989 2065 1150 2156 Regulus
1169 2066 1277 2135 nobis
1294 2067 1334 2136 in
1378 2048 1382 2055 ¹

211 2199 368 2249 mentem
385 2182 517 2266 veniat,
536 2181 604 2249 nisi
623 2181 810 2250 horatiana
829 2181 888 2250 illa
911 2181 1066 2270 imagine
1090 2181 1254 2250 indutus.
1276 2184 1336 2253 Ne

209 2296 334 2380 multa,
368 2296 539 2386 quicquid
573 2297 751 2366 amantius
779 2296 814 2365 in
849 2297 1001 2386 patriam
1024 2297 1168 2386 cogitari
1196 2313 1231 2365 et
1260 2298 1335 2368 dici
1426 2324 1431 2331 ·

210 2429 338 2501 potest,
360 2407 462 2503 poeta
481 2431 603 2482 noster
622 2413 658 2481 in
678 2413 822 2481 brevem
842 2435 997 2498 versum,
1017 2413 1191 2504 illumque
1208 2415 1342 2483 omnis

210 2529 330 2596 civicae
347 2528 490 2598 virtutis
507 2530 668 2620 plenum,
681 2529 868 2613 contraxit,
879 2529 939 2618 qui
955 2529 1338 2621 proverbiiconsuetu·

208 2644 330 2713 dinem
348 2645 521 2715 obtinuit:

405 2777 500 2834 Dulce
515 2789 545 2835 et
564 2779 710 2835 decorum
731 2792 776 2835 est
796 2797 851 2852 pro
866 2780 961 2852 patria
978 2778 1054 2835 mori
1071 2782 1121 2851 (2).

254 2923 357 2990 Hanc
385 2944 543 2990 romanae
569 2923 691 3012 gloriae
719 2923 913 3013 imaginem
947 2923 990 2991 ab
1027 2922 1178 3016 Horatio
1202 2924 1334 2993 multis

206 3037 427 3106 carminibus
456 3037 707 3106 adumbratam
739 3061 882 3107 mecum
913 3038 1105 3130 reputanti,
1132 3037 1256 3106 nullus
1291 3063 1334 3117 ex

207 3153 366 3222 romanis
401 3153 516 3242 poetis
541 3154 696 3222 occurrit
722 3155 778 3222 cui
807 3155 865 3222 illa
897 3155 1047 3245 quidem
1068 3154 1171 3223 laude
1202 3156 1333 3225 cedere

207 3269 468 3339 existimandus
486 3270 543 3337 sit.
567 3271 681 3338 Aliter
712 3270 907 3361 Vergilius,
929 3289 967 3339 ut
1005 3271 1147 3361 epicum
1180 3292 1331 3340 carmen

208 3386 366 3468 decebat,
389 3385 586 3476 magnificis
603 3386 784 3455 coloribus
800 3385 976 3476 gloriosos
991 3387 1126 3456 bellicae
1141 3388 1331 3457 Romano·

208 3522 288 3568 rum
311 3499 454 3568 virtutis
478 3501 587 3570 fastos
606 3502 736 3570 evolvit
761 3520 794 3570 et
814 3502 997 3592 depinxit3
1014 3503 1075 3571 sed
1094 3521 1175 3571 uter
1196 3525 1332 3572 sensus

242 3732 281 3801 (r)
299 3732 344 3786 De
364 3732 418 3806 ⁰ff·
437 3750 480 3796 111,
494 3751 540 3805 ²7·

242 3821 278 3884 (α)
300 3820 405 3875 Corin.
427 3839 468 3892 111,
488 3840 515 3886 2,
536 3821 579 3878 13.
599 3823 776 3879 Notandum
805 3836 907 3881 tamen
936 3825 1089 3897 praeivisse
1105 3825 1292 3898 Tyrtaeum:

457 3921 593 3984 Τεθνοὶμιναι
611 3925 657 3992 γάρ
676 3926 745 3973 καλδν
763 3924 803 3974 ἐπὶ
822 3924 961 3993 προμάχοισι
978 3926 1073 3976 πεσόντα

451 4009 525 4079 Ἀνδρ’
544 4009 629 4075 α’γαθδν
643 4013 723 4082 πιρῖῄ
745 4013 839 4082 πατρίδι
857 4014 999 4083 μαρνάμενον

322 4114 555 4187 (Schneidewin,
573 4118 711 4175 Delectus
729 4129 811 4193 poet.
830 4119 909 4196 eleg.
934 4119 1022 4176 iamb.
1038 4133 1151 4193 etc.,·p.
1164 4123 1205 4193 6.)
