2970 5280
634 545 678 558 -
708 507 769 599 1¹03
794 546 838 559 -

184 677 299 770 magis
326 677 514 751 inclinaret
531 680 603 768 (r)?
640 680 721 769 lpse
753 660 970 747 dubitationi
998 681 1117 748 locum
1154 679 1304 771 paravit,

184 817 266 864 curn
284 781 502 864 duodecimo
526 818 637 886 prope
665 817 759 863 anno
786 811 978 887 postquam
1008 795 1159 865 deorum
1186 795 1304 887 provi·
1374 886 1377 891 ¹

186 910 346 981 dentiam
362 911 529 1003 epicureo
553 935 653 981 more
672 911 889 995 sustulisset,
907 911 1058 980 fulmine
1084 895 1146 1003 per
1164 913 1305 981 ⁴sudum

156 1078 162 1090 .
186 1027 358 1114 demisso,
392 1029 494 1119 quasi
524 1017 731 1120 paenitentia
755 1047 875 1097 motus
901 1027 1139 1097 insanientem
1163 1010 1304 1119 sapien·

189 1144 274 1224 tiam
292 1144 428 1234 ejurare
447 1145 630 1215 videretur
643 1147 699 1234 (a).
720 1146 882 1214 Fuerunt
898 1144 957 1234 qui
980 1161 1144 1214 nostrum
1162 1127 1305 1237 poetam

178 1261 254 1329 boc
279 1261 436 1330 carmine
454 1261 617 1331 animum
635 1261 678 1330 ad
695 1261 883 1330 meliorem
909 1261 1047 1352 frugem
1090 1283 1305 1330 conversum

180 1377 344 1452 confiteri
363 1378 565 1463 crederent,
584 1377 644 1447 alii
661 1399 758 1461 ver0,
777 1376 954 1469 Lessingii
973 1357 1304 1469 interpretationem

183 1483 301 1564 secuti·
314 1496 372 1584 (3),
398 1494 592 1563 Horatium
624 1495 749 1563 dicunt
770 1493 837 1562 hoc
865 1495 943 1562 loco
972 1511 1114 1585 poetam
1145 1512 1304 1563 tanturn·

181 1612 309 1696 m0d0,
327 1634 396 1680 non
426 1612 688 1703 philosophum
708 1611 837 1702 egisse,
862 1611 908 1679 ita
931 1626 969 1678 ut
998 1610 1130 1701 quibus
1150 1610 1302 1679 allectus

183 1746 286 1798 esset
299 1727 465 1797 sensibus
486 1750 551 1818 per
565 1728 723 1797 subitam
740 1750 819 1796 eam
841 1743 1092 1818 tempestatem
1113 1727 1225 1820 lyrica
1246 1750 1304 1795 su·

92 1830 96 1838 ⁸
184 1844 360 1914 blimitate
378 1845 603 1936 exprimeret,
616 1843 962 1916 nedumStoicorum
973 1844 1027 1912 vel
1039 1843 1303 1934 Epicu-reorum

183 1960 360 2031 rationem
380 1962 537 2030 haberet.
562 1960 667 2031 Certe
684 1960 809 2051 negari·
838 1961 895 2028 vix
926 1977 1042 2052 potest
1075 1959 1173 2029 illam
1207 1959 1301 2028 insa·

183 2078 343 2148 nientein
361 2077 574 2170 sapientiam
601 2076 747 2170 Epicuri
764 2076 967 2146 doctrinam
984 2075 1182 2167 significare
1194 2096 1203 2161 ;
1216 2077 1300 2160 sed,

183 2183 361 2287 Lessingii
395 2193 668 2286 explicationem
706 2217 747 2262 ex
762 2210 874 2285 *parte
896 2193 1102 2284 probantes,
1121 2192 1303 2285 poeticum

183 2310 233 2380 ibi
250 2311 502 2401 jusjurandum
517 2311 759 2402 agnoscimus.
775 2309 925 2380 Consta-t
942 2309 1039 2378 enim
1055 2332 1096 2378 eo
1117 2309 1196 2401 ipso
1212 2309 1303 2378 tcm-

183 2439 269 2520 pore
293 2450 366 2519 quo
388 2450 508 2497 merus
541 2427 687 2520 Epicuri
717 2426 916 2518 discipulus
943 2425 1054 2495 fuisse
1079 2426 1238 2516 fingitur,
1266 2425 1301 2493 in

182 2544 290 2614 satira
305 2545 351 2637 (4)
376 2566 505 2634 nempe
522 2545 649 2613 eodem
669 2543 809 2612 circiter
828 2523 923 2612 anno
938 2542 1139 2633 conscripta
1157 2565 1229 2633 quo
1242 2564 1303 2633 per

184 2662 449 2731 Brundisinum
467 2649 534 2730 iter
558 2659 759 2751 epicuream
781 2660 824 2728 de
842 2659 911 2728 diis
933 2659 1143 2750 opinionem
1158 2660 1301 2750 prolite-
1366 2713 1371 2725 .

183 2779 298 2859 batur,
314 2801 385 2848 non
401 2778 624 2868 aliterquam
640 2777 828 2846 Platonem
845 2778 889 2845 de
904 2777 1024 2859 anima
1037 2777 1197 2849 locutum
1209 2799 1299 2845 esse.

184 2895 285 2986 Quid
306 2895 416 2986 quod,
435 2894 564 2986 quinto
587 2893 659 2962 sere
686 2916 781 2962 anno
807 2911 889 2984 post
917 2893 1104 2981 ejuratam,
1122 2909 1164 2961 nt
1188 2892 1302 2978 aiunt,

183 3011 331 3103 Epicuri
351 3010 566 3096 doctrinam,
585 3008 834 3079 disertissimis
848 3009 967 3079 verbis
983 3026 1133 3078 testatur
1149 3031 1186 3078 se
1208 3031 1304 3078 nunc

180 3121 265 3198 curn
295 3129 453 3212 Zenone,
491 3149 587 3196 nunc
612 3106 702 3195 curn
733 3125 920 3216 Aristippo
956 3125 1068 3194 lacere
1095 3125 1167 3215 (5)ἓ
1201 3125 1301 3195 Nulli
1400 3191 1404 3196 .

220 3364 255 3434 (r)
278 3362 324 3421 Cf.
345 3361 593 3433 Tnurrsu,Hist.
614 3360 651 3418 de
671 3360 699 3416 la
720 3359 778 3416 litt.
799 3377 875 3417 rom.
892 3359 1037 3432 (trad-fr.)
1056 3377 1086 3430 rr,
1104 3377 1132 3433 p.
1150 3360 1195 3416 53.
1222 3361 1301 3418 Len-

180 3467 244 3510 tam
259 3452 339 3509 illam
356 3451 574 3510 sententiarum
589 3450 823 3508 conversionem
838 3450 870 3506 in
878 3451 1008 3508 Horatio
1024 3449 1156 3507 admittit
1171 3449 1215 3506 vir
1230 3467 1302 3524 per.-

179 3542 262 3600 acuti
277 3542 390 3617 ingenii
406 3555 435 3599 et
451 3541 548 3598 atticae
565 3538 757 3610 urbanitatis,
774 3539 809 3596 G.
832 3541 981 3608 Borssrnrt,
998 3558 1088 3613 quern
1104 3537 1177 3595 mihi
1197 3538 1301 3596 audire

179 3631 319 3705 contigit,
336 3629 501 3707 posteriori
531 3627 670 3687 semestri
695 3627 765 3684 anni
798 3629 880 3701 1883,
898 3628 1096 3686 disserentem
1119 3628 1150 3684 in
1171 3626 1301 3701 collegio

180 3720 299 3779 Gallico
316 3723 353 3778 de
371 3718 491 3778 Horatii
506 3715 712 3794 philosophia.

218 3812 256 3884 (a)
277 3812 387 3870 Carm.
404 3830 424 3880 1,
442 3812 487 3882 34.

107 3896 111 3903 '
219 3901 255 3974 (3)
278 3903 416 3970 Lnssrrro,
445 3903 577 3976 Rettung
595 3897 645 3954 des
678 3895 806 3971 Hom,-
825 3929 858 3940 -
878 3897 915 3955 cf.
935 3897 1124 3966 Onssrnad
1151 3897 1261 3962 Carm.
1280 3914 1300 3961 r,

189 3992 240 4062 34·
302 4050 305 4055 .

216 4083 257 4154 (4)
276 4082 344 4140 Sat.
362 4099 395 4154 11,
411 4099 437 4148 2,
450 4100 487 4157 79
504 4082 629 4157 (scripta
644 4100 724 4140 anno
741 4082 822 4156 717).

218 4173 257 4246 (5)
276 4174 375 4249 Epist.
392 4191 411 4243 r,
432 4192 455 4246 r,
473 4174 506 4230 16
522 4190 605 4247 seqq.
