2970 5280
624 519 832 584 ..104-

174 641 284 735 igitur
302 662 463 732 unquam
478 641 610 710 scholae
631 641 811 727 valedixit,
829 642 913 732 quia
936 641 1024 711 nulli
1042 663 1207 733 unquam
1238 643 1305 711 uni

175 756 352 848 adhaesit3
372 758 448 842 sed,
465 756 493 826 si
509 780 548 826 ea
562 773 705 826 tantum
721 780 801 848 quae
819 759 862 828 de
887 758 1051 828 moribus
1073 758 1219 850 scripsit
1248 781 1305 828 re·

176 872 346 966 spexeris,
366 895 448 942 cum
477 874 776 964 sapientiamsibi
805 873 927 944 animo
960 872 1121 943 finxisset
1151 893 1233 944 tum
1264 899 1306 944 ex

177 991 322 1082 proprio
348 990 482 1079 judicio
502 991 719 1082 propriaque
744 990 974 1082 experientia,
996 1009 1071 1060 tum
1101 1014 1143 1059 ex
1168 992 1325 1082 proba,

177 1106 328 1175 tissimis
367 1106 668 1198 philosophorum
712 1106 915 1190 sententiis,
954 1129 1025 1175 non
1056 1123 1110 1175 est
1141 1106 1306 1176 mirandi

180 1223 279 1292 locus
298 1223 394 1313 quod
421 1244 542 1292 rerum
566 1246 635 1291 usu
659 1224 791 1292 doctus
815 1223 1021 1314 judicioque
1054 1223 1206 1293 firmiori
1233 1223 1307 1294 fre·

179 1356 251 1429 tus,
273 1361 314 1406 ex
331 1338 402 1406 illis
419 1337 658 1430 philosophiae
676 1338 826 1408 floribus
852 1339 1154 1431 exquisitissimos
1172 1339 1309 1431 eligere

181 1453 358 1546 didicerit.
379 1453 550 1524 Perlectis
564 1471 677 1545 poetae
693 1455 928 1541 carminibus,
942 1457 1153 1546 neutiquam
1172 1454 1310 1525 adduci

180 1593 331 1662 possum
349 1587 387 1639 ut
400 1570 503 1639 aliter
520 1591 752 1661 progressum
773 1571 808 1639 in
836 1571 1064 1663 philosophia
1090 1594 1174 1641 eum
1193 1570 1311 1641 fuisse

183 1688 326 1757 credam
337 1708 347 1773 ;
369 1710 440 1755 non
455 1687 500 1755 ab
514 1687 584 1755 alio
602 1687 645 1754 ad
665 1687 776 1756 alium
788 1688 952 1772 descivit,
974 1689 1034 1757 sed
1052 1689 1148 1780 quod
1161 1687 1199 1757 in
1216 1711 1312 1757 uno-

184 1826 328 1895 quoque
357 1803 537 1894 optimum
570 1821 658 1888 erat,
675 1804 725 1888 id,
751 1805 981 1894 vergentibus
1007 1805 1043 1872 in
1081 1822 1313 1874 senectutem

183 1920 299 2004 annis,
325 1919 464 1988 acutius
479 1919 579 2000 vidit,
595 1919 734 1988 firmius
753 1920 870 2011 elegit.

230 2038 297 2106 ΙΙΙ.
328 2036 421 2104 Hinc
455 2057 646 2104 monemur
678 2054 717 2104 ut
747 2058 816 2104 non
845 2035 951 2105 aliam
984 2036 1019 2104 in
1051 2036 1314 2123 Sermonibus,

185 2152 292 2244 aliam
305 2151 455 2220 omnino
473 2151 508 2219 in
530 2151 649 2241 lyricis
668 2151 889 2220 carminibus
902 2151 1017 2222 inesse
1035 2152 1315 2245 philosophiam

185 2268 410 2362 arbitremur.
459 2266 621 2338 Stoicum
654 2267 867 2358 sapientem,
887 2285 926 2336 ut
957 2267 1028 2357 jam
1062 2267 1237 2354 diximus,
1275 2271 1314 2339 in

188 2385 297 2476 lyrico
330 2382 487 2452 carmine
508 2382 743 2452 viridissimis
771 2383 951 2452 coloribus
977 2383 1139 2475 depingit
1168 2384 1315 2472 justum

187 2525 226 2571 ac
251 2520 410 2570 tenacem
427 2500 615 2592 propositi,
632 2500 667 2568 in
685 2500 800 2568 ruinis
828 2499 1008 2569 illabentis
1035 2500 1133 2570 orbis
1155 2501 1317 2594 impavi-

108 2699 114 2711 Ο
181 2620 276 2710 dum
288 2643 298 2710 ξ,
311 2617 372 2685 sed
388 2616 421 2683 in
440 2615 572 2698 satiris,
587 2610 665 2707 'pari
682 2617 863 2701 lacundia,
885 2616 960 2708 pari
975 2616 1101 2685 affectu
1118 2618 1313 2689 describit.

189 2735 259 2804 Hic
288 2756 359 2802 non
393 2732 503 2800 semel
536 2732 686 2802 stoicam
719 2733 890 2802 virtutem
920 2733 1117 2802 admiratur
1150 2735 1313 2824 repulsae

188 2849 344 2916 nesciam
381 2848 552 2943 sordidae,
583 2866 617 2916 et
648 2866 760 2916 coetus
794 2849 958 2939 vulgares
991 2866 1223 2939 spernentem
1249 2852 1314 2942 (r),

185 2963 343 3060 populos
369 2963 468 3058 salsis
492 2965 725 3034 dedocentem
751 2964 803 3033 uti
827 2964 977 3033 vocibus
1001 2986 1242 3055 regnumque,
1271 2987 1315 3038 ut

153 3155 156 3160 .
187 3079 323 3157 Zenoni
341 3081 468 3170 placet,
486 3080 704 3150 deserentem
725 3081 786 3149 uni
808 3081 871 3172 qui
890 3079 1033 3149 divitias
1050 3080 1226 3173 despiciat
1243 3088 1312 3174 (a),

189 3197 311 3265 beatos
330 3195 539 3266 efficientem
552 3197 614 3288 qui
631 3199 758 3265 duram
772 3199 922 3267 calleant
933 3197 1141 3289 pauperiem
1154 3199 1230 3290 pati
1245 3202 1314 3292 (3),

189 3313 261 3383 illic
281 3335 379 3398 vero,
398 3337 471 3382 uno
489 3313 637 3404 quidem
654 3336 770 3398 versu,
797 3314 851 3382 vel
879 3313 1050 3383 brevitate
1076 3315 1132 3383 vel
1160 3317 1315 3390 veritate

189 3420 386 3490 admodum
404 3420 630 3505 admirando,
649 3437 761 3490 totam
784 3421 981 3491 stoicorum
999 3422 1172 3491 virtutem
1194 3423 1315 3495 inclu-

189 3537 241 3606 dit
255 3559 262 3606 :

368 3650 418 3707 Nil
433 3650 572 3708 conscire
586 3650 655 3721 sibi,
672 3651 754 3709 nulla
779 3653 942 3728 pallescere
966 3654 1080 3727 culpa(
1100 3656 1124 3727 l.

183 3928 187 3932 -
224 3888 266 3958 (1)
288 3885 394 3945 Carm.
412 3903 454 3951 ut,
471 3903 499 3954 2,
520 3904 551 3958 17
567 3897 596 3942 et
612 3885 662 3941 23.

224 3978 264 4048 (2)
285 3977 390 4034 Carm.
410 3993 440 4047 11,
459 3992 531 4048 2‚19
547 3992 631 4048 seqq.

225 4066 263 4136 (3)
286 4066 489 4137 Carm.1v,9,
506 4082 554 4136 47.

161 4186 163 4191 .
223 4158 265 4226 (4)
286 4155 385 4229 Epist.
407 4172 430 4224 1,
453 4173 477 4224 1,
494 4157 544 4212 61.
