2970 5280
655 465 832 514 ..20—

363 615 453 673 Hunc
468 631 535 688 ego,
552 632 614 671 non
630 614 689 672 alio
704 614 820 672 dictum
835 614 1001 690 priusore,
1019 617 1149 674 Latinus

362 703 490 777 Vulgari
513 701 646 774 fidicen;

185 831 322 915 eadem,
342 831 461 914 credo,
482 847 543 899 aut
559 830 668 899 simili
685 853 833 921 prorsus
851 833 988 902 ratione
1006 848 1113 923 atque
1137 834 1310 903 Archilo-

184 949 293 1016 chum
311 949 430 1038 :quod
447 947 481 1016 ni
499 966 604 1031 esset,
620 948 655 1015 in
674 947 868 1017 Horatium
886 949 1058 1018 recideret
1079 949 1254 1041 quicquid
1269 950 1307 1018 in

184 1062 370 1154 imperitos
387 1063 587 1132 imitatores
605 1063 752 1152 jocatur.
767 1064 889 1133 Prima
906 1065 981 1154 ejus
1001 1065 1159 1134 carmina
1176 1067 1308 1135 exerci-

184 1178 330 1248 tationis
351 1181 429 1248 loco
446 1179 657 1265 habeantur,
671 1179 707 1248 id
726 1179 877 1250 libenter
894 1180 1133 1249 concesserim
1150 1207 1160 1267 ς
1179 1182 1241 1251 sed
1260 1205 1307 1252 ne

163 1316 166 1319 “
185 1318 223 1364 ea
240 1295 387 1386 quidem
406 1295 616 1366 Graecorum
633 1296 794 1386 vestigiis
818 1296 994 1365 serviliter
1010 1298 1174 1368 incedere
1191 1297 1305 1367 faten-

184 1412 272 1479 dum
297 1429 362 1495 est,
385 1433 467 1483 cum
490 1410 711 1482 homericam
738 1410 978 1481 imitationem
1011 1414 1142 1505 saepius
1169 1435 1243 1503 prae
1268 1437 1307 1482 se

183 1527 310 1596 ferant.

230 1644 451 1733 Quanquam
476 1666 604 1735 parum
631 1645 817 1734 proposito
846 1662 968 1713 nostro
993 1644 1202 1734 hujusmodi
1223 1669 1306 1716 car-

160 1833 161 1836 ,
184 1761 281 1829 mina
311 1759 484 1845 officiunt,
516 1763 569 1830 vel
589 1762 619 1829 si
639 1763 683 1830 ad
698 1762 849 1830 verbum
868 1763 1039 1831 translata
1058 1763 1196 1847 credas,
1220 1785 1305 1832 cum

184 1877 274 1946 adeo
306 1899 416 1968 pauca
449 1899 600 1946 numero
626 1877 867 1961 inveniantur,
886 1895 925 1946 ut
956 1877 1305 1968 horatianae'poesis

185 1994 300 2084 prima
323 1994 539 2077 rudimenta,
569 2016 638 2060 non
666 1993 966 2061 consuetudinem
991 1993 1191 2062 exhibeant.
1210 1994 1305 2083 Qui·

185 2108 252 2177 bus
266 2108 434 2199 demptis,
454 2111 585 2200 duplex
605 2109 806 2177 carminum
820 2131 946 2199 genus,
964 2110 1061 2199 quod
1081 2111 1124 2177 ad
1144 2131 1304 2199 praesen·

184 2242 256 2294 tem
291 2226 530 2315 quaestionem
562 2242 710 2316 spectat,
744 2225 883 2293 institui
914 2242 1053 2316 potest:
1073 2249 1201 2310 unum,
1229 2248 1305 2317 quo

184 2340 392 2410 Graecorum
421 2340 619 2431 fragmenta
655 2341 820 2431 quaedam
847 2342 1050 2430 produntur
1080 2343 1123 2410 ad
1150 2342 1306 2412 verbum

183 2455 293 2524 ferme
315 2477 504 2546 expressa;
523 2457 689 2540 alterum,
715 2480 788 2545 quo
804 2474 1014 2547 argumenta
1031 2479 1179 2525 romana
1204 2460 1304 2527 nulla

186 2572 394 2660 hujusmodi
426 2572 626 2640 imitatione
660 2572 817 2646 admixta
861 2572 1102 2642 continentur.
1149 2573 1305 2644 Utinam

183 2703 287 2779 poeta
302 2688 378 2779 ipse
402 2688 560 2756 carmina
584 2709 736 2777 quaeque
751 2687 951 2779 collegisset
971 2712 1036 2780 pro
1063 2688 1157 2756 varia
1182 2689 1303 2758 imita·

183 2802 291 2871 tionis
306 2803 455 2886 ratione,
472 2821 531 2870 aut
549 2803 675 2872 saltem
690 2822 828 2872 servato
844 2804 1017 2894 temporis
1031 2805 1170 2889 ordine,
1183 2827 1304 2896 neque

182 2940 324 2988 crucem
347 2917 445 2987 illam
462 2918 595 2988 criticis
609 2920 814 3009 reliquisset
829 2925 835 2989 l
853 2920 1014 2991 Tametsi
1031 2920 1068 2988 in
1089 2922 1210 3011 ecloga
1224 2943 1304 2991 car-

181 3035 322 3103 minum
351 3034 576 3126 disponenda
613 3036 650 3102 id
680 3053 821 3105 tantum
863 3036 1034 3127 spectavit
1071 3054 1110 3105 ut
1142 3039 1303 3127 legentes

180 3168 476 3241 argumentorum
502 3153 557 3220 vel
582 3169 782 3221 metrorum
816 3151 1098 3243 exquisitissima
1128 3153 1300 3224 varietate

180 3268 386 3352 oblectaret,
410 3267 446 3335 in
471 3268 682 3337 universum
713 3268 819 3337 statui
847 3285 965 3359 potest
989 3269 1147 3360 priorem
1169 3271 1301 3339 carmi-

179 3406 268 3452 num
296 3384 472 3452 rationem
498 3383 534 3451 in
565 3384 681 3475 primo
709 3384 801 3453 libro
832 3384 1043 3474 saepissime,
1072 3385 1109 3452 in
1140 3387 1301 3455 secundo

180 3522 287 3591 saepe,
315 3500 351 3567 in
382 3499 488 3569 tertio
530 3522 793 3590 nonnunquam
828 3500 938 3586 cerni,
970 3500 1222 3592 posteriorem,
1260 3520 1301 3571 ut

179 3618 278 3686 nullo
296 3618 472 3702 exsulare,
496 3616 543 3685 ita
575 3615 612 3683 in
639 3616 745 3685 tertio
771 3618 915 3707 saepius,
941 3617 976 3685 in
1004 3634 1132 3708 quarto
1151 3615 1300 3707 potissi·

176 3755 278 3801 mum
294 3754 476 3824 apparere.
497 3733 540 3800 ln
556 3732 640 3818 illis,
658 3750 697 3801 ut
714 3732 932 3818 dictumest,
949 3754 1081 3823 graecas
1102 3734 1301 3803 sententias

176 3849 341 3934 intexuit,
359 3869 538 3939 quaecum
560 3848 770 3917 Graecorum
787 3848 981 3939 lyricorum
996 3848 1205 3940 fragmentis
1226 3852 1299 3919 col·

132 3960 141 4043 s
177 3966 274 4050 larae,
315 3964 564 4035 fidelissimam
605 3964 863 4056 exemplarium
899 3965 1094 4057 imaginem
1124 3965 1294 4035 referunt.

176 4081 265 4150 Inde
298 4098 415 4151 tamen
455 4104 527 4149 non
559 4081 610 4165 fit,
649 4098 689 4149 ut
724 4102 867 4150 carmen
896 4066 1091 4152 dicendum
1113 4080 1160 4149 sit
1180 4099 1300 4151 totum
