2970 5280
635 489 681 502 ..
705 470 815 536 24...

177 594 351 682 majestati
362 594 552 685 lyricaeque
565 591 778 662 sublimitati
792 614 902 683 quam
915 591 1069 662 maxime
1081 609 1294 682 congruant.

157 745 159 750 ·
177 711 273 782 Cum
291 728 409 780 autem
427 711 600 781 Italorum
616 709 780 797 numina,
796 709 919 778 minus
934 731 997 800 per
1011 732 1047 777 se
1060 708 1105 776 ad
1118 708 1295 799 poeticam

178 827 388 918 dignitatem
426 826 567 911 idonea,
603 826 724 894 minus
761 826 870 894 etiam
900 825 1121 894 carminibus
1149 841 1297 893 tractata

178 944 272 1034 apud
296 943 500 1033 superiores
527 941 710 1033 reperiret,
740 941 865 1032 quidni
894 942 939 1010 ad
957 940 1167 1010 Graecorum
1188 962 1297 1031 opera

178 1058 396 1149 confugeret,
409 1079 488 1148 quae
500 1057 826 1126 luculentissimam
837 1051 1042 1126 divinarum
1055 1078 1176 1126 rerum
1191 1074 1297 1125 mate·
1394 1134 1396 1140 .

178 1176 281 1258 riam,
294 1176 584 1265 theologiamque
595 1175 749 1243 maxime
761 1174 926 1242 omnium
942 1172 1008 1241 arti
1025 1173 1144 1264 lyricae
1157 1193 1298 1241 accom-

179 1293 362 1361 modatam
375 1290 609 1360 exhiberent?
627 1290 723 1358 Hinc
737 1289 933 1359 factumest
945 1308 982 1357 ut
996 1289 1030 1357 in
1046 1289 1297 1372 Semonibus,

180 1408 242 1498 qui
266 1408 443 1477 minorem
467 1407 595 1498 poetici
619 1423 767 1475 ornatus
791 1406 932 1496 copiam
958 1405 1215 1489 desiderarent,
1235 1405 1297 1472 ubi

180 1526 331 1594 deorum
346 1523 482 1592 mentio
500 1523 690 1611 injicienda
705 1523 784 1606 luit,
804 1523 912 1592 latina
928 1523 1168 1613 potiusquam
1185 1543 1299 1611 graeca

182 1641 331 1709 numina
350 1639 573 1730 expresserit.
594 1639 778 1723 Ceterum,
798 1661 842 1707 ne
864 1656 950 1707 tunc
970 1638 1131 1728 quidem,
1154 1658 1237 1705 cum
1255 1636 1298 1704 de

181 1757 250 1826 diis
267 1777 382 1848 graeco
404 1778 504 1824 more
528 1755 702 1845 loquitur,
720 1755 862 1844 longius
885 1779 904 1824 a
928 1757 1177 1822 Romanorum
1196 1752 1298 1821 insti·

180 1873 268 1942 tutis
286 1872 424 1963 evagari
445 1871 638 1940 Horatium
656 1872 985 1962 pronuntiabimus,
1001 1870 1030 1938 si
1050 1891 1126 1939 rem
1142 1893 1184 1938 ex
1198 1891 1298 1952 vero,

182 2012 254 2058 non
280 2012 321 2057 ex
350 1989 467 2078 specie
498 1987 673 2056 aestimare
700 1989 922 2055 studeamus.
955 1986 1051 2058 Cum
1080 1986 1175 2054 enirn
1207 1985 1301 2053 inter

182 2126 294 2197 graeca
316 2122 350 2173 et
372 2126 520 2172 romana
542 2103 692 2171 numina
720 2125 848 2194 magna
871 2103 1105 2172 intercederet
1131 2100 1301 2185 affinitas,

183 2220 297 2308 major
313 2220 419 2290 etiam
435 2241 544 2309 quarn
565 2219 737 2309 suspicari
756 2236 903 2310 possent
918 2219 968 2288 illi
985 2209 1109 2308 populi
1126 2239 1303 2286 commu-

184 2339 239 2405 nis
256 2336 405 2427 originis
421 2336 537 2420 obliti,
557 2336 676 2425 quoad
694 2335 902 2425 longissime
920 2351 1036 2426 potest
1061 2357 1162 2403 mens
1188 2334 1302 2424 respi-

183 2474 260 2522 cere
273 2474 429 2521 romanae
448 2450 606 2519 historiae
619 2450 733 2537 initia,
752 2451 873 2519 statim
884 2469 991 2541 atque
1004 2451 1047 2519 ab
1063 2451 1133 2520 illis
1147 2450 1302 2518 exerceri

183 2585 341 2659 coeptum
362 2585 415 2636 est
431 2589 513 2635 cum
529 2567 653 2658 graecis
679 2567 846 2658 gentibus
872 2566 1143 2651 commercium,
1165 2587 1303 2655 graecos
1378 2611 1381 2615 >

98 2733 101 2738 -
184 2685 270 2753 deos
287 2685 451 2752 videmus
476 2685 632 2752 Romam
655 2683 812 2752 adscitos
830 2701 1002 2774 tanquam
1019 2684 1054 2751 in
1072 2682 1205 2773 templa
1231 2681 1302 2750 sibi

183 2801 283 2870 facta.
305 2800 377 2889 Qui
400 2816 503 2870 antea
522 2799 634 2890 ignoti
661 2801 787 2868 Romae
808 2799 961 2884 fuerant,
985 2821 1141 2890 graecum
1167 2820 1303 2866 nomen

185 2938 390 2999 servavere,
419 2916 482 3007 qui
510 2938 593 2984 vero
617 2937 719 3006 pares
741 2916 888 3006 paribus
913 2915 1160 2998 occurrebant,
1185 2914 1234 2981 ita
1264 2914 1303 2983 in

184 3054 298 3102 unum
325 3031 457 3122 singuli
482 3053 565 3099 cum
593 3031 744 3122 singulis
779 3032 955 3114 coaluere,
982 3019 1034 3116 ut,
1060 3053 1208 3100 romano
1235 3052 1303 3098 no-

183 3149 281 3218 mine
297 3130 448 3229 servate,
468 3169 590 3238 graecae
604 3148 646 3216 de
661 3171 703 3216 eo
720 3147 848 3216 fabulae
865 3149 1145 3218 invalescerent:
1163 3147 1303 3237 priores

185 3263 344 3334 romanis
369 3263 604 3355 religionibus
631 3263 834 3355 legitimum
858 3265 1042 3355 quoddam
1069 3265 1303 3355 supplemen-

184 3398 275 3465 tum,
294 3381 509 3473 posteriores
527 3379 665 3471 poetica
684 3397 888 3449 commenta
904 3380 974 3448 diis
991 3379 1198 3449 domesticis
1216 3379 1302 3447 affe-

186 3496 321 3565 rebant.
337 3498 409 3565 Res
425 3518 467 3564 eo
485 3497 671 3588 pertinuit,
691 3513 730 3564 ut
747 3496 830 3565 inde
850 3496 1044 3565 asecundo
1060 3497 1191 3586 punico
1207 3496 1302 3564 bello

184 3611 312 3702 triplex
329 3613 423 3702 apud
446 3613 631 3681 Romanos
654 3611 793 3703 vigeret,
815 3613 974 3681 Deorum
992 3635 1118 3702 genus,
1135 3610 1302 3681 videlicet

185 3750 432 3813 romanorum,
449 3750 660 3818 graecorum,
678 3746 713 3797 et
742 3750 868 3797 eorum
893 3729 954 3818 qui
981 3751 1130 3796 romano
1154 3728 1302 3797 nomine

184 3866 336 3935 graecam
361 3861 525 3913 naturam
548 3845 726 3934 tegebant.
750 3843 964 3934 Antiquitus
982 3844 1185 3912 inchoatam
1203 3844 1301 3914 illam

186 3961 340 4029 duarum
359 3960 576 4051 religionum
594 3959 844 4029 confusionem
859 3959 984 4029 litterae
1002 3981 1125 4051 graecae
1145 3962 1302 4029 Romam

186 4075 399 4146 introductae
417 4099 502 4146 mox
523 4076 767 4146 absolverunt.
787 4073 884 4146 Cum
902 4081 1089 4167 Augustus
1106 4099 1197 4145 nova
1210 4095 1301 4146 tem·
