2970 5280
659 448 840 536 „78-

188 591 299 674 deret,
317 580 419 680 grato
436 590 633 659 admodum
662 591 798 680 accepit
824 590 958 658 animo,
987 589 1061 678 Qui
1089 613 1130 658 eo
1161 588 1315 658 nomine

189 708 314 775 Flacco
331 706 467 775 crimen
484 706 858 790 intentant‚'0blivisci
876 705 1035 797 profecto
1051 707 1222 775 videntur
1240 707 1314 775 sol·

187 823 343 892 lemnem
376 839 562 912 poetarum
592 845 731 892 morem
760 823 872 891 fuisse
899 840 938 891 ut
967 846 1003 891 se
1035 823 1070 891 in
1103 822 1314 913 potentium

186 939 320 1008 civium
335 940 537 1009 clientelam
560 939 774 1008 conferrent.
797 940 844 1007 Et
865 962 949 1007 vero
976 962 1092 1029 neque
1117 963 1158 1007 ex
1180 938 1316 1010 Sueto·

153 1063 159 1073 '
187 1056 259 1139 nio,
286 1079 402 1146 neque
424 1080 464 1124 ex
490 1057 568 1148 ipso
589 1056 756 1140 Horatio,
778 1075 851 1125 tam
879 1054 1033 1124 candido
1053 1055 1207 1147 propriae
1226 1056 1313 1125 vitae
1374 1131 1376 1135 ,

186 1172 372 1262 scriptore,
403 1172 528 1242 elicere
559 1173 754 1263 quicquam
784 1172 900 1264 possis
932 1175 1029 1262 quod
1061 1171 1312 1263 suspicionem

184 1287 290 1356 faciat
314 1288 469 1373 invidos,
497 1288 559 1378 qui
585 1288 719 1357 affatim
743 1289 900 1373 fuerunt,
926 1287 1059 1357 idcirco
1087 1287 1137 1356 illi
1160 1310 1312 1357 suscen-

184 1405 312 1490 suisse,
338 1409 450 1496 quod,
474 1406 661 1475 Maecenati
685 1407 915 1491 adhaerend0,
944 1406 1198 1475 Brutianarum
1224 1428 1312 1496 par·
1356 1474 1361 1488 ,

184 1523 274 1590 tium
295 1523 478 1614 transfuga
501 1546 578 1591 esse
604 1522 795 1591 videretur.
814 1524 962 1608 Verum,
980 1523 1145 1613 quamvis
1167 1522 1311 1591 alienos

182 1639 227 1707 ab
247 1638 446 1709 Octaviano
469 1639 610 1707 animos
635 1639 697 1708 diu
724 1639 902 1724 habuerit,
931 1639 988 1707 vix
1011 1639 1084 1707 lieri
1105 1655 1247 1728 poterat
1268 1656 1312 1707 ut

184 1755 356 1844 paulatim
379 1754 516 1824 callidis
541 1754 747 1824 Maecenatis
770 1755 908 1823 artibus
936 1755 1059 1823 mitior
1084 1777 1157 1823 non
1185 1753 1309 1823 effice-

183 1889 292 1940 retur.
309 1873 391 1940 Jam
415 1871 619 1940 notavimus
645 1895 741 1957 eum,
767 1890 848 1963 post
873 1871 1008 1940 bellum
1040 1870 1219 1956 Siculum,
1250 1872 1310 1941 in-

183 1988 327 2055 structis
353 2010 372 2055 a
395 1990 589 2057 Maecenate
613 1989 656 2055 ad
677 1988 864 2056 victoriam
882 1987 1034 2057 Caesaris
1051 1987 1310 2057 celebrandam

181 2104 296 2195 epulis
313 2103 528 2172 interfuisse.
550 2106 687 2191 Tamen
711 2105 809 2173 nullo
830 2104 987 2174 carmine
1012 2086 1093 2173 ante
1117 2104 1310 2173 Actiacam

181 2243 351 2311 pugnam,
370 2243 412 2306 ne
439 2220 499 2289 illo
525 2221 673 2311 quidem
689 2221 804 2310 epodo
822 2244 893 2310 quo
912 2219 1156 2311 proiecturum
1173 2220 1309 2290 adver·

180 2359 241 2404 sus
263 2337 466 2405 Antonium
488 2339 645 2406 amicum
662 2337 905 2428 prosequitur,
933 2337 1127 2427 quicquam
1147 2336 1202 2404 vel
1219 2361 1307 2427 par-

179 2453 285 2521 cioris
307 2454 423 2522 laudis
440 2452 641 2523 Octaviano
664 2454 803 2522 tribuit.
832 2455 986 2523 Necesse
1013 2453 1078 2521 fuit
1106 2453 1307 2544 praeclaris·
1373 2539 1378 2548 ε

180 2569 269 2637 sima
291 2570 525 2639 intercederet
546 2570 706 2655 victoria,
723 2587 757 2637 et
779 2593 818 2638 ea
839 2571 985 2660 quidem
1009 2569 1176 2639 civilibus
1194 2570 1306 2640 bellis

178 2687 284 2755 finem
304 2687 443 2769 datura,
462 2706 500 2754 ut
518 2687 655 2755 tamdiu
683 2686 845 2777 expetitae
868 2687 991 2755 laudes
1016 2703 1130 2777 poetae
1154 2705 1307 2777 pectore

178 2820 417 2893 erumperent.
450 2826 452 2830 ⁴
496 2808 497 2812 ’
1339 2797 1343 2804 ’

223 2919 290 2988 111.
321 2919 393 3007 Qui
421 2901 589 2988 adulandi
616 2919 777 2987 studium
802 2920 837 2987 in
865 2919 909 2987 us
935 2920 1102 2988 laudibus
1125 2939 1302 3010 arguunt,

175 3037 303 3103 adeant
320 3057 439 3104 rerum
467 3058 697 3104 romanarum
723 3036 927 3127 scriptores,
953 3036 1049 3104 unde
1074 3035 1215 3104 discant
1240 3037 1304 3105 vix

178 3151 373 3220 Horatium
410 3151 562 3241 publicae
601 3151 732 3222 laetitiae
764 3153 916 3221 modum
950 3169 1155 3221 assecutum
1196 3175 1297 3224 esse.

176 3295 193 3331 «
218 3266 352 3352 Caesar,
381 3268 430 3337 ait
454 3269 612 3336 Velleius
639 3271 696 3357 (ι),
731 3291 894 3337 reversus
938 3269 974 3336 in
1014 3267 1153 3337 ltaliam
1187 3285 1302 3359 atque

176 3384 328 3469 Urbem,
357 3407 429 3475 quo
457 3407 621 3468 occursu,
648 3408 720 3474 quo
744 3384 864 3454 favore
894 3375 1059 3453 omnium
1088 3384 1298 3471 hominum,

174 3517 333 3585 aetatum,
347 3501 517 3569 ordinum
530 3520 697 3592 exceptus
715 3501 870 3591 sit3quae
886 3500 1150 3593 magnificentia
1163 3501 1299 3570 trium-

174 3616 329 3706 phorum
343 3616 433 3704 ejuS,
451 3640 530 3707 quae
548 3617 654 3687 fuerit
669 3639 876 3702 munerum,
894 3640 938 3686 ne
955 3617 990 3684 in
1007 3617 1126 3709 operis
1143 3617 1298 3708 quidem

172 3731 258 3819 justi
280 3733 440 3818 materia,
468 3735 600 3803 nedum
629 3734 735 3822 hujus
762 3750 835 3802 tam
862 3733 980 3818 recisi,
1006 3734 1112 3825 digne
1140 3733 1296 3826 exprimi

172 3865 301 3938 potest.
328 3877 344 3912 a
364 3847 409 3919 ⁴Si
437 3850 543 3919 fidem
573 3851 714 3935 Velleii,
740 3867 864 3941 utpote
894 3849 929 3916 in
958 3849 1142 3921 Caesarum
1168 3852 1295 3920 laudes

208 4079 248 4149 (1)
267 4078 419 4144 Varr.,1i,
438 4079 484 4152 89.
