2970 5280
594 526 798 595 ..127-

143 664 281 718 ceretur
301 649 349 718 ita
365 671 478 740 graeca
501 671 584 718 cum
599 639 759 719 romanis
778 671 848 718 uno
869 651 970 718 alveo
984 650 1146 736 volvens,
1160 666 1199 718 ut
1218 673 1261 719 ne

143 761 321 833 diversam
351 764 500 855 quidem
528 765 706 857 originem
735 745 909 857 suspicari
942 765 1074 834 liceret.
1104 767 1259 857 Augusti

144 883 291 952 demum
304 883 621 972 temporeartailla
634 884 1103 974 graecaeartiscumromano
1116 883 1261 971 ingenio

145 999 350 1087 conjunctio
380 1018 414 1069 et
447 1000 674 1071 necessitudo
701 1000 886 1091 apparuit3
919 1017 958 1068 ut
995 999 1093 1067 enim
1120 999 1261 1068 romani

145 1115 326 1186 architecti
355 1116 393 1184 >in
421 1116 565 1207 templis
593 1135 627 1186 et
652 1116 801 1186 theatris
824 1116 1049 1185 exstruendis
1075 1137 1262 1184 romanam

146 1233 369 1303 severitatem
392 1256 516 1325 graecae
547 1233 731 1326 elegantiae
751 1250 987 1325 attemperare
1013 1231 1194 1317 visisunt,
1214 1231 1262 1300 ita

145 1350 325 1441 Vergilius
340 1368 375 1421 et
392 1351 566 1420 Horatius
592 1350 728 1420 liberali
753 1373 854 1442 aeque
871 1371 911 1418 ac
935 1350 1039 1418 docta
1060 1348 1261 1418 imitatione

145 1486 309 1559 poemata
329 1487 403 1538 arte
425 1477 551 1560 graeca,
573 1468 702 1560 spiritu
729 1491 810 1537 vere
835 1488 981 1536 romana
1006 1464 1259 1534 condiderunt.

141 1584 255 1653 Haud
283 1584 356 1679 scio
388 1608 432 1654 an
460 1585 756 1676 perfectissimam
778 1583 918 1652 artificii
942 1581 1048 1670 hujus
1065 1579 1260 1672 imaginem

144 1716 249 1789 poeta
277 1701 503 1791 expresserit,
530 1723 613 1769 cum
635 1700 732 1769 aliud
764 1699 924 1792 cogitans
948 1699 991 1767 ad
1027 1699 1260 1768 Maecenatem

145 1817 316 1887 scriberet
330 1839 337 1887 :

428 1933 496 1990 Vile
512 1932 633 2007 potabis
655 1932 784 1989 modicis
800 1931 946 1989 Sabinum

432 2031 603 2096 Cantharis,
615 2032 721 2089 Graeca
734 2030 818 2105 quod
833 2030 897 2104 ipse
912 2043 991 2087 testa

432 2123 599 2188 Conditum*
614 2130 712 2190 levi...
724 2131 765 2204 (r)

144 2294 219 2362 Vas
235 2293 355 2384 ipsum
376 2315 518 2385 semper
531 2314 688 2384 graecum
706 2309 783 2378 est3
801 2294 921 2382 liquor
941 2314 1036 2378 vero,
1069 2295 1133 2364 etsi
1154 2297 1263 2367 inter·

145 2410 234 2478 dum
250 2435 291 2479 err
308 2409 424 2480 atticis
445 2410 595 2479 floribus
616 2431 817 2502 expressus,
832 2409 881 2477 ita
907 2409 943 2477 in
962 2427 1076 2500 poetae
1094 2412 1262 2482 substan-

145 2527 235 2596 tiam
250 2527 411 2618 digestus
427 2544 493 2611 est,
510 2543 550 2595 ut
570 2548 742 2595 romanus
759 2525 932 2596 videatur.
952 2527 1070 2596 Nemo
1082 2529 1179 2597 enim
1200 2554 1267 2600 un-

146 2664 258 2733 quam
271 2643 452 2712 sollertius
466 2643 622 2712 exercuit
639 2660 752 2712 artem
765 2642 1028 2733 illamlegendi,
1045 2666 1155 2734 quam
1165 2664 1264 2717 tanto

146 2781 255 2850 opere
267 2759 406 2829 Lucilio
422 2758 556 2831 Seneca
566 2760 855 2843 commendat,ut
866 2785 882 2822 «
894 2758 981 2828 lecta
992 2781 1266 2855 concoquantur

147 2892 255 2966 atque
274 2875 310 2943 in
326 2875 419 2944 vires
436 2893 470 2945 et
486 2875 699 2967 sanguinem
715 2892 898 2943 transeant
913 2903 929 2938 »
948 2877 1011 2964 (2);
1027 2875 1264 2949 libentercre·

148 2991 304 3061 diderim
321 2991 465 3063 Senecae
482 2992 617 3077 animo,
634 2993 720 3061 dum
738 2993 812 3060 haec
835 2991 1017 3076 scriberet,
1032 2992 1265 3065 obversatum

148 3131 227 3177 esse
244 3109 387 3178 Horatii
405 3111 629 3200 exemplum3
650 3109 745 3200 apud
760 3130 870 3198 quem
886 3109 1147 3179 sententiarum
1163 3112 1265 3204 origo

148 3223 266 3317 prima
284 3227 380 3309 latet,
399 3243 438 3294 ut
467 3228 586 3295 solum
613 3241 779 3316 appareat
803 3247 894 3316 opus
911 3248 991 3295 vere
1021 3226 1264 3316 horatianum,

149 3340 1104 3434 eximiavenustateconspicuum,facetiisetgravitate
1116 3343 1267 3415 feliciter

149 3475 399 3549 temperatum.
421 3459 515 3527 lllud
533 3457 599 3526 suit
613 3456 789 3527 imitantis
807 3458 928 3548 potius
948 3481 1057 3549 quam
1073 3459 1267 3530 imitatoris

148 3599 254 3666 opus,
273 3600 337 3647 nec
363 3567 524 3647 multum
533 3578 633 3646 abest
646 3577 734 3668 quin
751 3599 790 3645 ea
808 3575 972 3645 imitandi
990 3575 1080 3645 ratio
1098 3577 1142 3645 ad
1159 3598 1266 3645 aemu-

148 3696 247 3764 landi
265 3695 427 3765 studium
441 3713 616 3786 assurgat.
630 3695 725 3765 Cum
742 3695 949 3764 adeolibere
973 3694 1267 3786 scriptoraliquis

149 3812 187 3881 in
202 3811 328 3881 alienis
349 3811 509 3904 vestigiis
529 3812 742 3903 ingreditur,
762 3833 882 3881 nonne
912 3811 1012 3880 decet
1028 3833 1111 3880 eum
1127 3812 1163 3879 in
1187 3811 1266 3879 illo·

187 4074 226 4146 (r)
246 4073 352 4129 Carm.
372 4093 397 4145 1,
420 4092 506 4140 20,1.

188 4163 229 4235 (a)
246 4162 345 4237 Epist.
363 4181 479 4220 rxxxrv.
