2954 5084
636 494 835 559 -132—

287 647 405 706 ceptus,
432 634 552 689 tandem
582 634 711 705 Augusti
737 635 886 691 laudator.
912 665 946 677 -
972 636 1024 691 ΙΙΙ.
1047 636 1195 705 Quaenam

289 732 389 770 rerum
407 715 548 788 adjuncta
564 713 668 770 laudes
690 714 756 770 illas
772 731 916 770 excusare
941 715 1125 771 videantur:
1145 733 1199 788 pu·

287 794 385 849 blicus
402 792 433 848 in
448 795 619 866 Augustum
646 793 740 862 favor,
768 793 985 850 Brutianorum
1011 795 1049 851 ad
1067 796 1196 865 Augusti

287 886 387 946 partes
404 874 549 943 accessio,
565 873 759 929 callidissima
778 873 907 946 Augusti
928 874 1038 947 agendi
1053 887 1082 930 et
1097 875 1196 930 admi·

288 953 438 1009 nistrandi
454 954 542 1022 ratio,
559 954 638 1008 lidus
655 966 683 1010 et
700 966 802 1027 gratus
828 953 949 1010 Horatii
971 955 1016 1009 vel
1037 955 1116 1010 inter
1134 956 1197 1011 Au·
1226 1014 1229 1019 ,

272 1033 367 1106 ,gusti
384 1032 489 1089 laudes
505 1033 536 1088 in
563 1033 726 1088 Brutianos
752 1033 881 1088 animus.
907 1065 940 1074 -
967 1035 1019 1088 lV.
1049 1034 1197 1090 Horatius

290 1113 352 1169 suis
382 1112 568 1168 carminibus
597 1114 737 1186 Augusto
770 1112 982 1186 adstipulatur,
1014 1113 1085 1169 dum
1115 1113 1197 1170 illius

288 1193 430 1249 inimicos
442 1193 480 1247 ad
494 1192 667 1265 epicuream
681 1192 819 1248 inertiam
834 1192 1023 1263 cohortatur,
1035 1207 1198 1266 augusteas

288 1273 368 1345 leges
396 1273 600 1339 commendat,
627 1272 768 1328 victorias
794 1273 936 1329 celebrat.
965 1305 998 1315 -
1021 1275 1058 1329 V.
1087 1273 1197 1330 Utrum

287 1349 401 1409 venalis
417 1364 587 1408 assentator
602 1352 704 1416 fuerit,
719 1370 756 1407 an
773 1352 911 1408 sincerus
927 1350 1077 1409 laudator.

178 1535 291 1596 Carus
306 1534 345 1595 V.
363 1567 402 1577 -
416 1534 466 1594 De
481 1532 625 1593 Horatii
634 1532 842 1613 philosophia
846 1580 1071 1593 ...........
1078 1488 1080 1494 Ι
1086 1580 1193 1594 ......
1273 1593 1277 1597 ,
1298 1538 1308 1561 ¹

323 1661 344 1714 l.
359 1661 439 1714 Num
449 1658 486 1713 ad
498 1670 611 1713 certam
621 1658 788 1712 doctrinam
797 1656 901 1712 referri
911 1656 1102 1729 possit-ll.
1112 1659 1193 1714 Num

287 1739 368 1793 varia
382 1737 472 1793 fuerit
487 1754 542 1809 pro
556 1736 640 1792 vario
653 1748 803 1809 tempore.
824 1769 857 1777 —
874 1737 925 1793 Ill.
939 1738 1019 1792 Num
1036 1737 1094 1793 alia
1110 1737 1141 1794 in
1154 1739 1196 1811 ly·

288 1819 358 1873 ricis
373 1816 570 1886 carminibus,
596 1816 654 1871 alia
678 1815 709 1871 in
735 1816 947 1872 Sermonibus.
973 1850 1006 1859 —
1033 1819 1086 1874 lV.
1111 1819 1194 1885 Quid

286 1915 445 1953 romanum
457 1915 519 1968 prae
531 1913 562 1952 se
573 1896 647 1952 ierat
662 1896 781 1952 Horatii
799 1897 938 1952 universa
951 1897 1191 1970 philosophandi

287 1977 363 2033 ratio
375 1994 382 2032 :
394 1989 457 2033 tota
470 1977 506 2030 ad
518 1975 678 2032 utilitatem
690 1990 839 2048 spectans,
853 1977 1006 2042 eclectica‚
1021 1977 1195 2034 Stoicorum

287 2069 316 2113 et
334 2056 555 2129 Epicureorum
572 2054 777 2112 conciliatrix.

177 2239 363 2301 Coactusro
376 2283 1146 2297 ..................................
1164 2283 1186 2308 ·.·
1243 2239 1302 2297 123

356 2550 422 2601 Vror
443 2565 478 2602 ac
499 2563 626 2602 raucam
649 2565 655 2600 :

173 2690 398 2763 Gratianopoli,
415 2708 444 2744 a.
470 2692 501 2747 d.
521 2691 557 2745 lV
572 2708 669 2745 nonas
683 2689 847 2763 januarias,

307 2869 310 2875 Ι
346 2807 425 2843 anno
443 2789 680 2854 MDCCCXCll,

176 3000 343 3056 Facultatis
362 3001 531 3057 litterarum
547 2999 686 3063 decanus,

363 3119 400 3175 E.
429 3116 564 3172 DUGlT.

816 3427 907 3482 Trrrs
926 3443 1115 3482 ununarua:

640 3572 809 3628 Academiae
828 3572 1114 3648 gratianopolitanae
1133 3574 1260 3639 Rectar,

869 3696 903 3752 G.
928 3697 1058 3753 BlZOS.

170 4059 1178 4067 ,.-.----.,--.------.--------.--.-------..Δ
1201 4059 1212 4064 -
1237 4059 1240 4063 .

340 4131 426 4195 Lyon.
445 4158 476 4168 -
493 4131 559 4194 lmp.
577 4131 743 4180 Emmanuel
760 4130 878 4191 VITTE,
894 4145 942 4180 rue
958 4130 1064 4193 Condi,
1080 4128 1124 4181 30.
