2970 5280
619 467 818 514 —120—

177 590 367 682 quebatur,
387 608 426 659 ut
441 591 494 658 vel
511 611 592 666 cum
609 590 772 658 Platonis
792 590 925 660 librum
939 591 1099 681 aliquem
1124 589 1309 680 interpre-

177 686 328 776 tandum
360 705 591 796 suscepisset,
626 705 765 793 rejectis
798 704 966 796 mythicis
998 704 1129 776 sabulis
1166 704 1308 796 quibus

179 824 365 892 veritatem
392 820 630 890 adumbrabat
647 843 783 911 graecus
801 839 938 906 auctor,
965 821 1001 890 in
1028 843 1152 891 earum
1179 823 1308 890 iocum

179 941 341 1029 exempla
371 962 389 1006 e
422 939 671 1006 Romanorum
702 938 862 1006 historiis
889 938 1080 1029 desumpta
1109 937 1304 1007 sufficeret.

85 1096 88 1103 ·
181 1057 231 1123 Ita
259 1055 412 1141 maiores
442 1053 508 1145 ipsi
537 1053 719 1143 propriam
748 1051 859 1121 vitam
886 1054 1122 1144 propriasque
1147 1052 1307 1122 virtutes

184 1171 374 1261 nepotibus
421 1192 619 1261 proponere
659 1170 702 1238 ad
737 1169 954 1238 imitandum
987 1169 1225 1252 videbantur;
1257 1169 1307 1238 ita

180 1309 327 1357 romana
358 1286 520 1368 historia,
543 1286 644 1377 quasi
664 1285 905 1377 philosophiae
929 1285 1071 1370 ancilla,
1103 1285 1216 1355 sacam
1253 1285 1307 1355 illi

181 1402 401 1494 ptaeferebat.
435 1402 542 1470 Haud
574 1401 778 1493 negaverim
807 1402 865 1469 vix
899 1402 974 1471 fieri
1010 1402 1171 1494 potuisse
1201 1419 1244 1471 ut
1271 1403 1308 1471 in

182 1518 403 1587 carminibus
414 1518 458 1586 ad
474 1518 630 1587 notanda
643 1518 727 1586 vitia
743 1517 953 1609 compositis
972 1517 1145 1587 Horatius
1161 1519 1311 1588 domes·

182 1635 250 1703 tica
283 1635 443 1723 exempla
470 1656 541 1702 non
569 1651 761 1725 promeret,
791 1633 988 1724 praesertim
1016 1656 1097 1702 cum
1124 1657 1160 1703 se
1187 1635 1237 1703 ita
1264 1636 1311 1704 ab

183 1749 321 1841 optimo
353 1766 451 1839 patre
480 1750 674 1817 formatum
708 1749 813 1832 dicat,
838 1749 898 1839 qui
928 1749 1098 1818 vitiorum
1130 1752 1312 1841 exemplis

184 1866 268 1934 vitia
294 1865 415 1956 sugere
443 1883 664 1934 assuesceret
694 1866 749 1953 (1).
784 1865 879 1935 Cum
908 1865 1017 1956 igitur
1045 1864 1100 1933 sui
1130 1867 1313 1957 temporis

184 2004 322 2065 avaros,
341 1999 501 2072 nepotes,
523 1982 694 2050 heluones
712 1981 926 2050 nominatim
949 1981 1073 2071 carpit,
1098 1999 1137 2050 ut
1152 1981 1315 2053 virtutes

186 2097 241 2166 his
260 2097 356 2165 vitiis
372 2097 568 2166 contrarias
592 2098 832 2181 commendet,
850 2097 1035 2167 satiricum
1060 2115 1203 2188 poetam
1220 2102 1313 2189 agit.

188 2216 269 2282 Non
304 2215 428 2282 eadem
461 2213 550 2282 ratio
581 2213 726 2282 iliorum
759 2213 961 2283 carminum
992 2213 1125 2304 quibus
1161 2215 1317 2306 proprie

186 2329 355 2398 virtutem
385 2330 505 2397 laudat
535 2330 578 2399 ad
608 2351 760 2419 eamque
789 2329 1013 2399 cohortatur.
1041 2330 1188 2398 Poterat
1207 2352 1317 2402 more

188 2430 391 2516 Stoicorum
413 2445 515 2513 illurn
533 2446 733 2536 sapientem
749 2446 893 2537 fingere,
913 2445 976 2537 qui
993 2468 1171 2535 nusquam
1187 2468 1317 2538 reper-

188 2580 245 2629 tus
260 2546 371 2646 esset3
385 2577 523 2651 poterat
533 2561 708 2631 virtutum
722 2563 883 2651 exempla
897 2563 950 2630 vel
963 2586 982 2630 a
994 2561 1128 2632 Graecis
1143 2584 1316 2633 sumere:

187 2699 312 2746 verum
339 2679 434 2769 apud
464 2678 658 2747 Horatium
691 2677 834 2763 sapiens
861 2699 991 2746 nomen
1019 2677 1137 2761 habet,
1159 2694 1194 2745 et
1220 2678 1317 2748 illud

188 2795 335 2883 quidem
359 2815 562 2862 romanum.
588 2794 790 2862 Firmitudo
812 2792 922 2862 stoica
949 2794 984 2861 in
1014 2793 1151 2864 Catone
1179 2797 1316 2885 elucet,

189 2909 300 2979 stoica
318 2929 509 3000 paupertas
534 2909 569 2976 in
598 2910 776 2993 Fabricio,
795 2910 905 2978 stoica
932 2909 1163 2998 jurisjurandi
1182 2911 1318 3002 religio

189 3025 224 3092 in
247 3025 398 3116 Regulo
425 3025 527 3114 Quid
551 3025 640 3094 illud
666 3027 849 3116 estquod,
877 3025 938 3093 ubi
966 3047 1104 3116 magnae
1123 3026 1317 3116 sapientiae

189 3142 348 3230 exempla
375 3140 586 3230 proferenda
603 3160 699 3226 sunt,
720 3141 893 3210 Horatius
913 3141 1003 3209 nihil
1023 3140 1093 3209 sete
1111 3142 1155 3209 de
1172 3141 1317 3213 Graecis

189 3274 315 3326 notum
338 3258 466 3326 habere
489 3257 630 3327 videtur
653 3275 780 3348 praeter
806 3257 943 3326 fabulas
962 3275 1149 3348 poetarum
1165 3260 1318 3351 scriptis

190 3374 292 3466 quasi
309 3374 552 3444 consecratas?
585 3375 716 3443 Nonne
745 3374 828 3465 quia
846 3373 913 3465 ipsi
931 3373 1026 3441 haud
1045 3396 1147 3441 secus
1161 3397 1202 3443 ac
1220 3377 1318 3447 Tul·

189 3492 237 3560 lio
274 3490 592 3581 persuasissimum
627 3507 700 3559 erat
734 3491 919 3559 Romanos
948 3489 1079 3558 meiius
1110 3508 1145 3558 et
1177 3492 1318 3564 lautius

191 3586 309 3676 mores
322 3626 356 3675 et
373 3605 537 3676 instituta
558 3606 640 3675 vitae
662 3629 791 3697 resque
807 3605 1024 3675 domesticas
1049 3628 1087 3674 ac
1112 3605 1318 3685 familiares

189 3723 280 3793 tueri
293 3723 358 3810 (2)?
385 3725 464 3792 Hoc
481 3739 534 3791 est
551 3740 658 3823 certe,
671 3740 710 3792 ut
730 3721 845 3791 civem
867 3744 947 3790 vere
964 3744 1159 3792 romanum
1173 3724 1315 3813 decuit,

224 3988 263 4057 (t)
282 3988 347 4041 Sat.
368 4004 388 4051 1,
403 4004 433 4059 4,
453 3987 519 4042 105.

225 4078 263 4146 (2)
284 4075 553 4147 c1c.,Tuscu1.,1,
575 4094 597 4129 1.
