<?xml version="1.0" encoding="UTF-8"?>
<!DOCTYPE html PUBLIC "-//W3C//DTD XHTML 1.0 Transitional//EN"
    "http://www.w3.org/TR/xhtml1/DTD/xhtml1-transitional.dtd">
<html xmlns="http://www.w3.org/1999/xhtml" xml:lang="en" lang="en">
 <head>
  <title>
</title>
<meta http-equiv="Content-Type" content="text/html;charset=utf-8" />
  <meta name='ocr-system' content='tesseract 3.04.00' />
  <meta name='ocr-capabilities' content='ocr_page ocr_carea ocr_par ocr_line ocrx_word'/>
</head>
<body>
  <div class='ocr_page' id='page_1' title='image "./quidvereromanum00devagoog_0018.png"; bbox 0 0 2970 5280; ppageno 0'>
   <div class='ocr_carea' id='block_1_1' title="bbox 179 508 1321 3180">
    <p class='ocr_par' dir='ltr' id='par_1_1' title="bbox 660 508 815 576">
     <span class='ocr_line' id='line_1_1' title="bbox 660 508 815 576; baseline 0 -39"><span class='ocrx_word' id='word_1_1' title='bbox 660 526 704 537; x_wconf 87' lang='lat'>-.</span> <span class='ocrx_word' id='word_1_2' title='bbox 727 508 749 576; x_wconf 77' lang='lat'><strong>9</strong></span> <span class='ocrx_word' id='word_1_3' title='bbox 774 528 815 540; x_wconf 76' lang='lat'>.-</span> 
     </span>
    </p>

    <p class='ocr_par' dir='ltr' id='par_1_2' title="bbox 179 655 1321 3180">
     <span class='ocr_line' id='line_1_2' title="bbox 182 655 1299 746; baseline 0 -22"><span class='ocrx_word' id='word_1_4' title='bbox 182 658 298 724; x_wconf 87' lang='lat' dir='ltr'>derim</span> <span class='ocrx_word' id='word_1_5' title='bbox 311 657 398 746; x_wconf 92' lang='lat' dir='ltr'>quid</span> <span class='ocrx_word' id='word_1_6' title='bbox 417 656 627 726; x_wconf 88' lang='lat' dir='ltr'>Graecorum</span> <span class='ocrx_word' id='word_1_7' title='bbox 643 656 847 741; x_wconf 81' lang='lat' dir='ltr'>imitationi,</span> <span class='ocrx_word' id='word_1_8' title='bbox 866 678 975 746; x_wconf 89' lang='lat' dir='ltr'>quam</span> <span class='ocrx_word' id='word_1_9' title='bbox 1001 655 1088 746; x_wconf 91' lang='lat' dir='ltr'>quid</span> <span class='ocrx_word' id='word_1_10' title='bbox 1115 657 1299 725; x_wconf 90' lang='lat' dir='ltr'>Romano-</span> 
     </span>
     <span class='ocr_line' id='line_1_3' title="bbox 182 773 1297 863; baseline -0.001 -22"><span class='ocrx_word' id='word_1_11' title='bbox 182 794 263 841; x_wconf 87' lang='lat' dir='ltr'>rum</span> <span class='ocrx_word' id='word_1_12' title='bbox 297 773 441 863; x_wconf 82' lang='lat' dir='ltr'>ingenio</span> <span class='ocrx_word' id='word_1_13' title='bbox 481 773 659 858; x_wconf 82' lang='lat' dir='ltr'>debuerit,</span> <span class='ocrx_word' id='word_1_14' title='bbox 695 791 867 862; x_wconf 80' lang='lat' dir='ltr'>tanquam</span> <span class='ocrx_word' id='word_1_15' title='bbox 908 773 941 840; x_wconf 94' lang='lat' dir='ltr'>in</span> <span class='ocrx_word' id='word_1_16' title='bbox 989 773 1141 840; x_wconf 91' lang='lat' dir='ltr'>Horatio</span> <span class='ocrx_word' id='word_1_17' title='bbox 1178 773 1297 862; x_wconf 91' lang='lat' dir='ltr'>potius</span> 
     </span>
     <span class='ocr_line' id='line_1_4' title="bbox 181 888 1298 979; baseline -0.004 -20"><span class='ocrx_word' id='word_1_18' title='bbox 181 889 392 959; x_wconf 78' lang='lat' dir='ltr'>Graecorum</span> <span class='ocrx_word' id='word_1_19' title='bbox 408 888 608 979; x_wconf 90' lang='lat' dir='ltr'>discipulus</span> <span class='ocrx_word' id='word_1_20' title='bbox 627 911 736 978; x_wconf 90' lang='lat' dir='ltr'>quam</span> <span class='ocrx_word' id='word_1_21' title='bbox 752 910 922 957; x_wconf 90' lang='lat' dir='ltr'>romanus</span> <span class='ocrx_word' id='word_1_22' title='bbox 949 906 1051 978; x_wconf 91' lang='lat' dir='ltr'>poeta</span> <span class='ocrx_word' id='word_1_23' title='bbox 1082 890 1298 978; x_wconf 78' lang='lat' dir='ltr'>quaerendus</span> 
     </span>
     <span class='ocr_line' id='line_1_5' title="bbox 180 1003 1298 1094; baseline 0 -23"><span class='ocrx_word' id='word_1_24' title='bbox 180 1004 318 1073; x_wconf 78' lang='lat' dir='ltr'>luisset.</span> <span class='ocrx_word' id='word_1_25' title='bbox 336 1007 419 1074; x_wconf 92' lang='lat' dir='ltr'>Non</span> <span class='ocrx_word' id='word_1_26' title='bbox 438 1004 608 1094; x_wconf 87' lang='lat' dir='ltr'>equidem</span> <span class='ocrx_word' id='word_1_27' title='bbox 623 1003 777 1073; x_wconf 87' lang='lat' dir='ltr'>diffiteor</span> <span class='ocrx_word' id='word_1_28' title='bbox 792 1005 887 1094; x_wconf 91' lang='lat' dir='ltr'>apud</span> <span class='ocrx_word' id='word_1_29' title='bbox 902 1027 977 1088; x_wconf 90' lang='lat' dir='ltr'>eos,</span> <span class='ocrx_word' id='word_1_30' title='bbox 1006 1022 1184 1094; x_wconf 89' lang='lat' dir='ltr'>quotquot</span> <span class='ocrx_word' id='word_1_31' title='bbox 1201 1022 1298 1088; x_wconf 90' lang='lat' dir='ltr'>sunt,</span> 
     </span>
     <span class='ocr_line' id='line_1_6' title="bbox 182 1120 1299 1211; baseline -0.001 -23"><span class='ocrx_word' id='word_1_32' title='bbox 182 1122 243 1210; x_wconf 91' lang='lat' dir='ltr'>qui</span> <span class='ocrx_word' id='word_1_33' title='bbox 258 1121 549 1211; x_wconf 90' lang='lat' dir='ltr'>Horatiipoesim</span> <span class='ocrx_word' id='word_1_34' title='bbox 561 1121 708 1211; x_wconf 84' lang='lat' dir='ltr'>lyricam</span> <span class='ocrx_word' id='word_1_35' title='bbox 722 1121 841 1188; x_wconf 85' lang='lat' dir='ltr'>dedita</span> <span class='ocrx_word' id='word_1_36' title='bbox 852 1142 959 1210; x_wconf 87' lang='lat' dir='ltr'>opera</span> <span class='ocrx_word' id='word_1_37' title='bbox 973 1122 1026 1188; x_wconf 92' lang='lat' dir='ltr'>vel</span> <span class='ocrx_word' id='word_1_38' title='bbox 1042 1120 1077 1187; x_wconf 92' lang='lat' dir='ltr'>in</span> <span class='ocrx_word' id='word_1_39' title='bbox 1093 1139 1299 1188; x_wconf 89' lang='lat' dir='ltr'>transcursu</span> 
     </span>
     <span class='ocr_line' id='line_1_7' title="bbox 181 1237 1298 1327; baseline 0 -24"><span class='ocrx_word' id='word_1_40' title='bbox 181 1237 225 1303; x_wconf 87' lang='lat' dir='ltr'>ad</span> <span class='ocrx_word' id='word_1_41' title='bbox 242 1239 396 1305; x_wconf 91' lang='lat' dir='ltr'>calculos</span> <span class='ocrx_word' id='word_1_42' title='bbox 412 1255 642 1321; x_wconf 89' lang='lat' dir='ltr'>vocaverunt,</span> <span class='ocrx_word' id='word_1_43' title='bbox 659 1237 773 1304; x_wconf 91' lang='lat' dir='ltr'>multa</span> <span class='ocrx_word' id='word_1_44' title='bbox 790 1237 935 1327; x_wconf 89' lang='lat' dir='ltr'>reperiri</span> <span class='ocrx_word' id='word_1_45' title='bbox 954 1259 1033 1326; x_wconf 86' lang='lat' dir='ltr'>quae</span> <span class='ocrx_word' id='word_1_46' title='bbox 1053 1237 1087 1302; x_wconf 94' lang='lat' dir='ltr'>in</span> <span class='ocrx_word' id='word_1_47' title='bbox 1113 1258 1298 1305; x_wconf 85' lang='lat' dir='ltr'>romanam</span> 
     </span>
     <span class='ocr_line' id='line_1_8' title="bbox 181 1353 1297 1442; baseline 0 -22"><span class='ocrx_word' id='word_1_48' title='bbox 181 1371 297 1442; x_wconf 90' lang='lat' dir='ltr'>poetae</span> <span class='ocrx_word' id='word_1_49' title='bbox 314 1353 472 1421; x_wconf 88' lang='lat' dir='ltr'>indolem</span> <span class='ocrx_word' id='word_1_50' title='bbox 488 1353 724 1437; x_wconf 73' lang='lat' dir='ltr'>conveniant,</span> <span class='ocrx_word' id='word_1_51' title='bbox 742 1353 875 1422; x_wconf 91' lang='lat' dir='ltr'>nemini</span> <span class='ocrx_word' id='word_1_52' title='bbox 901 1371 1034 1434; x_wconf 88' lang='lat' dir='ltr'>tamen,</span> <span class='ocrx_word' id='word_1_53' title='bbox 1058 1354 1155 1442; x_wconf 92' lang='lat' dir='ltr'>quod</span> <span class='ocrx_word' id='word_1_54' title='bbox 1172 1353 1297 1434; x_wconf 89' lang='lat' dir='ltr'>sciam,</span> 
     </span>
     <span class='ocr_line' id='line_1_9' title="bbox 182 1469 1298 1561; baseline 0.001 -26"><span class='ocrx_word' id='word_1_55' title='bbox 182 1469 272 1536; x_wconf 92' lang='lat' dir='ltr'>illud</span> <span class='ocrx_word' id='word_1_56' title='bbox 287 1469 322 1536; x_wconf 93' lang='lat' dir='ltr'>in</span> <span class='ocrx_word' id='word_1_57' title='bbox 341 1487 499 1538; x_wconf 90' lang='lat' dir='ltr'>mentem</span> <span class='ocrx_word' id='word_1_58' title='bbox 518 1469 626 1553; x_wconf 85' lang='lat' dir='ltr'>venit,</span> <span class='ocrx_word' id='word_1_59' title='bbox 646 1493 767 1561; x_wconf 89' lang='lat' dir='ltr'>sparsa</span> <span class='ocrx_word' id='word_1_60' title='bbox 791 1469 825 1536; x_wconf 93' lang='lat' dir='ltr'>in</span> <span class='ocrx_word' id='word_1_61' title='bbox 856 1469 1052 1538; x_wconf 89' lang='lat' dir='ltr'>horatianis</span> <span class='ocrx_word' id='word_1_62' title='bbox 1078 1469 1298 1536; x_wconf 87' lang='lat' dir='ltr'>carminibus</span> 
     </span>
     <span class='ocr_line' id='line_1_10' title="bbox 184 1584 1298 1675; baseline -0.001 -23"><span class='ocrx_word' id='word_1_63' title='bbox 184 1585 284 1653; x_wconf 88' lang='lat' dir='ltr'>latini</span> <span class='ocrx_word' id='word_1_64' title='bbox 317 1586 436 1653; x_wconf 93' lang='lat' dir='ltr'>vultus</span> <span class='ocrx_word' id='word_1_65' title='bbox 468 1585 697 1668; x_wconf 90' lang='lat' dir='ltr'>lineamenta,</span> <span class='ocrx_word' id='word_1_66' title='bbox 728 1608 870 1675; x_wconf 90' lang='lat' dir='ltr'>sparsos</span> <span class='ocrx_word' id='word_1_67' title='bbox 900 1585 1018 1653; x_wconf 87' lang='lat' dir='ltr'>latinae</span> <span class='ocrx_word' id='word_1_68' title='bbox 1054 1584 1298 1674; x_wconf 87' lang='lat' dir='ltr'>germanitatis</span> 
     </span>
     <span class='ocr_line' id='line_1_11' title="bbox 182 1700 1298 1792; baseline -0.002 -22"><span class='ocrx_word' id='word_1_69' title='bbox 182 1702 321 1770; x_wconf 90' lang='lat' dir='ltr'>colores</span> <span class='ocrx_word' id='word_1_70' title='bbox 345 1702 379 1768; x_wconf 92' lang='lat' dir='ltr'>in</span> <span class='ocrx_word' id='word_1_71' title='bbox 409 1725 521 1769; x_wconf 92' lang='lat' dir='ltr'>unum</span> <span class='ocrx_word' id='word_1_72' title='bbox 545 1702 723 1792; x_wconf 78' lang='lat' dir='ltr'>colligere,</span> <span class='ocrx_word' id='word_1_73' title='bbox 757 1703 852 1770; x_wconf 90' lang='lat' dir='ltr'>unde</span> <span class='ocrx_word' id='word_1_74' title='bbox 880 1723 1028 1779; x_wconf 87' lang='lat' dir='ltr'>romana</span> <span class='ocrx_word' id='word_1_75' title='bbox 1056 1700 1155 1790; x_wconf 86' lang='lat' dir='ltr'>lyrici</span> <span class='ocrx_word' id='word_1_76' title='bbox 1184 1718 1298 1791; x_wconf 87' lang='lat' dir='ltr'>poetae</span> 
     </span>
     <span class='ocr_line' id='line_1_12' title="bbox 181 1817 1298 1905; baseline -0.001 -20"><span class='ocrx_word' id='word_1_77' title='bbox 181 1817 321 1886; x_wconf 86' lang='lat' dir='ltr'>indoles</span> <span class='ocrx_word' id='word_1_78' title='bbox 339 1818 523 1886; x_wconf 85' lang='lat' dir='ltr'>exsisteret</span> <span class='ocrx_word' id='word_1_79' title='bbox 538 1821 599 1905; x_wconf 86' lang='lat' dir='ltr'>(l).</span> <span class='ocrx_word' id='word_1_80' title='bbox 626 1817 805 1905; x_wconf 89' lang='lat' dir='ltr'>Quocirca</span> <span class='ocrx_word' id='word_1_81' title='bbox 823 1818 913 1886; x_wconf 83' lang='lat' dir='ltr'>milri</span> <span class='ocrx_word' id='word_1_82' title='bbox 929 1819 1047 1885; x_wconf 89' lang='lat' dir='ltr'>visum</span> <span class='ocrx_word' id='word_1_83' title='bbox 1064 1835 1128 1901; x_wconf 86' lang='lat' dir='ltr'>est,</span> <span class='ocrx_word' id='word_1_84' title='bbox 1151 1834 1298 1884; x_wconf 87' lang='lat' dir='ltr'>-recte</span> 
     </span>
     <span class='ocr_line' id='line_1_13' title="bbox 180 1933 1321 2024; baseline -0.002 -23"><span class='ocrx_word' id='word_1_85' title='bbox 180 1957 224 2001; x_wconf 90' lang='lat' dir='ltr'>an</span> <span class='ocrx_word' id='word_1_86' title='bbox 241 1956 440 2024; x_wconf 85' lang='lat' dir='ltr'>perperam,</span> <span class='ocrx_word' id='word_1_87' title='bbox 460 1933 613 2001; x_wconf 86' lang='lat' dir='ltr'>dixerint</span> <span class='ocrx_word' id='word_1_88' title='bbox 630 1933 822 2022; x_wconf 88' lang='lat' dir='ltr'>sapientes,</span> <span class='ocrx_word' id='word_1_89' title='bbox 839 1973 883 1985; x_wconf 87' lang='lat'>-</span> <span class='ocrx_word' id='word_1_90' title='bbox 902 1956 1019 2022; x_wconf 88' lang='lat' dir='ltr'>neque</span> <span class='ocrx_word' id='word_1_91' title='bbox 1045 1933 1296 2020; x_wconf 86' lang='lat' dir='ltr'>injucundum,</span> <span class='ocrx_word' id='word_1_92' title='bbox 1317 1964 1321 1973; x_wconf 92' lang='lat'><strong>·</strong></span> 
     </span>
     <span class='ocr_line' id='line_1_14' title="bbox 183 2047 1297 2140; baseline -0.002 -24"><span class='ocrx_word' id='word_1_93' title='bbox 183 2072 299 2138; x_wconf 90' lang='lat' dir='ltr'>neque</span> <span class='ocrx_word' id='word_1_94' title='bbox 316 2049 442 2116; x_wconf 91' lang='lat' dir='ltr'>inutile</span> <span class='ocrx_word' id='word_1_95' title='bbox 456 2049 619 2118; x_wconf 85' lang='lat' dir='ltr'>futurum</span> <span class='ocrx_word' id='word_1_96' title='bbox 639 2073 728 2132; x_wconf 88' lang='lat' dir='ltr'>esse,</span> <span class='ocrx_word' id='word_1_97' title='bbox 747 2051 790 2125; x_wconf 81' lang='lat' dir='ltr'>si,</span> <span class='ocrx_word' id='word_1_98' title='bbox 809 2049 995 2140; x_wconf 87' lang='lat' dir='ltr'>perpensis</span> <span class='ocrx_word' id='word_1_99' title='bbox 1014 2047 1156 2116; x_wconf 91' lang='lat' dir='ltr'>Horatii</span> <span class='ocrx_word' id='word_1_100' title='bbox 1179 2048 1297 2137; x_wconf 91' lang='lat' dir='ltr'>lyricis</span> 
     </span>
     <span class='ocr_line' id='line_1_15' title="bbox 180 2165 1298 2254; baseline -0.001 -23"><span class='ocrx_word' id='word_1_101' title='bbox 180 2165 415 2246; x_wconf 83' lang='lat' dir='ltr'>carminibus,</span> <span class='ocrx_word' id='word_1_102' title='bbox 434 2165 703 2254; x_wconf 89' lang='lat' dir='ltr'>retractatisque</span> <span class='ocrx_word' id='word_1_103' title='bbox 717 2165 942 2232; x_wconf 90' lang='lat' dir='ltr'>eruditorum</span> <span class='ocrx_word' id='word_1_104' title='bbox 970 2165 1129 2232; x_wconf 91' lang='lat' dir='ltr'>virorum</span> <span class='ocrx_word' id='word_1_105' title='bbox 1154 2165 1196 2231; x_wconf 91' lang='lat' dir='ltr'>de</span> <span class='ocrx_word' id='word_1_106' title='bbox 1222 2165 1298 2230; x_wconf 91' lang='lat' dir='ltr'>Ho-</span> 
     </span>
     <span class='ocr_line' id='line_1_16' title="bbox 181 2272 1297 2372; baseline -0.002 -23"><span class='ocrx_word' id='word_1_107' title='bbox 181 2282 272 2349; x_wconf 90' lang='lat' dir='ltr'>ratio</span> <span class='ocrx_word' id='word_1_108' title='bbox 287 2281 429 2372; x_wconf 88' lang='lat' dir='ltr'>scriptis</span> <span class='ocrx_word' id='word_1_109' title='bbox 447 2283 500 2349; x_wconf 89' lang='lat' dir='ltr'>vel</span> <span class='ocrx_word' id='word_1_110' title='bbox 512 2281 794 2372; x_wconf 84' lang='lat' dir='ltr'>scriptiunculis,</span> <span class='ocrx_word' id='word_1_111' title='bbox 806 2282 993 2348; x_wconf 85' lang='lat' dir='ltr'>decernere</span> <span class='ocrx_word' id='word_1_112' title='bbox 1007 2272 1156 2348; x_wconf 89' lang='lat' dir='ltr'>conatus</span> <span class='ocrx_word' id='word_1_113' title='bbox 1169 2280 1297 2348; x_wconf 89' lang='lat' dir='ltr'>fuerim</span> 
     </span>
     <span class='ocr_line' id='line_1_17' title="bbox 185 2397 1299 2488; baseline 0 -24"><span class='ocrx_word' id='word_1_114' title='bbox 185 2417 364 2486; x_wconf 89' lang='lat' dir='ltr'>quatenus</span> <span class='ocrx_word' id='word_1_115' title='bbox 387 2397 422 2464; x_wconf 95' lang='lat' dir='ltr'>in</span> <span class='ocrx_word' id='word_1_116' title='bbox 452 2415 568 2488; x_wconf 89' lang='lat' dir='ltr'>poeta,</span> <span class='ocrx_word' id='word_1_117' title='bbox 597 2421 704 2486; x_wconf 88' lang='lat' dir='ltr'>quem</span> <span class='ocrx_word' id='word_1_118' title='bbox 729 2397 927 2466; x_wconf 88' lang='lat' dir='ltr'>identidem</span> <span class='ocrx_word' id='word_1_119' title='bbox 944 2419 1100 2486; x_wconf 83' lang='lat' dir='ltr'>graecum</span> <span class='ocrx_word' id='word_1_120' title='bbox 1117 2397 1299 2465; x_wconf 85' lang='lat' dir='ltr'>fidicinem</span> 
     </span>
     <span class='ocr_line' id='line_1_18' title="bbox 181 2513 1298 2603; baseline 0.003 -25"><span class='ocrx_word' id='word_1_121' title='bbox 181 2515 291 2581; x_wconf 90' lang='lat' dir='ltr'>latina</span> <span class='ocrx_word' id='word_1_122' title='bbox 310 2514 431 2603; x_wconf 84' lang='lat' dir='ltr'>lingua</span> <span class='ocrx_word' id='word_1_123' title='bbox 448 2531 635 2582; x_wconf 90' lang='lat' dir='ltr'>canentem</span> <span class='ocrx_word' id='word_1_124' title='bbox 653 2514 762 2600; x_wconf 71' lang='lat' dir='ltr'>diem,</span> <span class='ocrx_word' id='word_1_125' title='bbox 781 2519 971 2581; x_wconf 89' lang='lat' dir='ltr'>romanum</span> <span class='ocrx_word' id='word_1_126' title='bbox 993 2537 1028 2580; x_wconf 90' lang='lat' dir='ltr'>se</span> <span class='ocrx_word' id='word_1_127' title='bbox 1049 2513 1173 2603; x_wconf 91' lang='lat' dir='ltr'>prodat</span> <span class='ocrx_word' id='word_1_128' title='bbox 1201 2514 1298 2603; x_wconf 85' lang='lat' dir='ltr'>inge·</span> 
     </span>
     <span class='ocr_line' id='line_1_19' title="bbox 180 2610 1297 2719; baseline 0.002 -24"><span class='ocrx_word' id='word_1_129' title='bbox 180 2629 299 2697; x_wconf 88' lang='lat' dir='ltr'>nium.</span> <span class='ocrx_word' id='word_1_130' title='bbox 327 2631 499 2697; x_wconf 89' lang='lat' dir='ltr'>Horatius</span> <span class='ocrx_word' id='word_1_131' title='bbox 521 2629 669 2718; x_wconf 90' lang='lat' dir='ltr'>quidem</span> <span class='ocrx_word' id='word_1_132' title='bbox 687 2648 798 2696; x_wconf 84' lang='lat' dir='ltr'>semet</span> <span class='ocrx_word' id='word_1_133' title='bbox 825 2629 898 2719; x_wconf 91' lang='lat' dir='ltr'>ipse</span> <span class='ocrx_word' id='word_1_134' title='bbox 919 2632 1092 2698; x_wconf 85' lang='lat' dir='ltr'>Romanae</span> <span class='ocrx_word' id='word_1_135' title='bbox 1118 2610 1297 2697; x_wconf 80' lang='lat' dir='ltr'>fidicinem</span> 
     </span>
     <span class='ocr_line' id='line_1_20' title="bbox 180 2745 1298 2834; baseline 0 -22"><span class='ocrx_word' id='word_1_136' title='bbox 180 2748 264 2834; x_wconf 86' lang='lat' dir='ltr'>lyrae</span> <span class='ocrx_word' id='word_1_137' title='bbox 283 2746 467 2834; x_wconf 88' lang='lat' dir='ltr'>profitetur</span> <span class='ocrx_word' id='word_1_138' title='bbox 493 2746 553 2832; x_wconf 84' lang='lat'>(2),</span> <span class='ocrx_word' id='word_1_139' title='bbox 577 2745 634 2813; x_wconf 91' lang='lat' dir='ltr'>alii</span> <span class='ocrx_word' id='word_1_140' title='bbox 662 2767 746 2813; x_wconf 90' lang='lat' dir='ltr'>vero</span> <span class='ocrx_word' id='word_1_141' title='bbox 776 2768 846 2812; x_wconf 90' lang='lat' dir='ltr'>non</span> <span class='ocrx_word' id='word_1_142' title='bbox 873 2746 974 2834; x_wconf 88' lang='lat' dir='ltr'>pauci</span> <span class='ocrx_word' id='word_1_143' title='bbox 1008 2767 1090 2812; x_wconf 91' lang='lat' dir='ltr'>eum</span> <span class='ocrx_word' id='word_1_144' title='bbox 1124 2745 1298 2833; x_wconf 85' lang='lat' dir='ltr'>injurioso</span> 
     </span>
     <span class='ocr_line' id='line_1_21' title="bbox 180 2860 1298 2950; baseline 0 -23"><span class='ocrx_word' id='word_1_145' title='bbox 180 2882 328 2950; x_wconf 90' lang='lat' dir='ltr'>prorsus</span> <span class='ocrx_word' id='word_1_146' title='bbox 364 2862 510 2928; x_wconf 89' lang='lat' dir='ltr'>nomine</span> <span class='ocrx_word' id='word_1_147' title='bbox 544 2860 752 2929; x_wconf 80' lang='lat' dir='ltr'>Graecorum</span> <span class='ocrx_word' id='word_1_148' title='bbox 782 2861 925 2928; x_wconf 91' lang='lat' dir='ltr'>simiam</span> <span class='ocrx_word' id='word_1_149' title='bbox 951 2879 1080 2928; x_wconf 90' lang='lat' dir='ltr'>vocant</span> <span class='ocrx_word' id='word_1_150' title='bbox 1109 2863 1164 2947; x_wconf 79' lang='lat'>(3).</span> <span class='ocrx_word' id='word_1_151' title='bbox 1199 2860 1298 2947; x_wconf 86' lang='lat' dir='ltr'>Quid</span> 
     </span>
     <span class='ocr_line' id='line_1_22' title="bbox 179 2977 1296 3067; baseline 0.001 -24"><span class='ocrx_word' id='word_1_152' title='bbox 179 2978 435 3066; x_wconf 78' lang='lat' dir='ltr'>ergolUtrum</span> <span class='ocrx_word' id='word_1_153' title='bbox 459 2995 562 3067; x_wconf 90' lang='lat' dir='ltr'>poeta</span> <span class='ocrx_word' id='word_1_154' title='bbox 585 2977 775 3067; x_wconf 88' lang='lat' dir='ltr'>promissis</span> <span class='ocrx_word' id='word_1_155' title='bbox 803 2999 874 3044; x_wconf 92' lang='lat' dir='ltr'>non</span> <span class='ocrx_word' id='word_1_156' title='bbox 902 2978 1012 3060; x_wconf 88' lang='lat' dir='ltr'>stetit,</span> <span class='ocrx_word' id='word_1_157' title='bbox 1038 3001 1080 3044; x_wconf 88' lang='lat' dir='ltr'>an</span> <span class='ocrx_word' id='word_1_158' title='bbox 1107 2977 1201 3045; x_wconf 88' lang='lat' dir='ltr'>docti</span> <span class='ocrx_word' id='word_1_159' title='bbox 1230 2978 1296 3045; x_wconf 90' lang='lat' dir='ltr'>viri</span> 
     </span>
     <span class='ocr_line' id='line_1_23' title="bbox 179 3093 583 3180; baseline 0 -20"><span class='ocrx_word' id='word_1_160' title='bbox 179 3093 333 3180; x_wconf 90' lang='lat' dir='ltr'>turpiter</span> <span class='ocrx_word' id='word_1_161' title='bbox 350 3094 583 3162; x_wconf 88' lang='lat' dir='ltr'>erraverunt?</span> 
     </span>
    </p>
   </div>
   <div class='ocr_carea' id='block_1_2' title="bbox 179 3321 1299 4181">
    <p class='ocr_par' dir='ltr' id='par_1_3' title="bbox 179 3321 1299 3662">
     <span class='ocr_line' id='line_1_24' title="bbox 215 3321 1299 3397; baseline 0.006 -22"><span class='ocrx_word' id='word_1_162' title='bbox 215 3323 255 3395; x_wconf 89' lang='lat'>(1)</span> <span class='ocrx_word' id='word_1_163' title='bbox 277 3321 434 3378; x_wconf 86' lang='lat' dir='ltr'>Materiam</span> <span class='ocrx_word' id='word_1_164' title='bbox 449 3324 542 3397; x_wconf 86' lang='lat' dir='ltr'>hujus</span> <span class='ocrx_word' id='word_1_165' title='bbox 558 3323 773 3397; x_wconf 87' lang='lat' dir='ltr'>disputationis</span> <span class='ocrx_word' id='word_1_166' title='bbox 793 3324 925 3396; x_wconf 86' lang='lat' dir='ltr'>quodam</span> <span class='ocrx_word' id='word_1_167' title='bbox 948 3324 1040 3378; x_wconf 90' lang='lat' dir='ltr'>modo</span> <span class='ocrx_word' id='word_1_168' title='bbox 1066 3325 1228 3381; x_wconf 88' lang='lat' dir='ltr'>delineavit</span> <span class='ocrx_word' id='word_1_169' title='bbox 1242 3325 1299 3381; x_wconf 44' lang='lat' dir='ltr'>&gt;vir</span> 
     </span>
     <span class='ocr_line' id='line_1_25' title="bbox 179 3410 1298 3485; baseline 0.004 -21"><span class='ocrx_word' id='word_1_170' title='bbox 179 3411 217 3466; x_wconf 92' lang='lat' dir='ltr'>de</span> <span class='ocrx_word' id='word_1_171' title='bbox 233 3410 342 3466; x_wconf 86' lang='lat' dir='ltr'>litteris</span> <span class='ocrx_word' id='word_1_172' title='bbox 358 3411 459 3467; x_wconf 87' lang='lat' dir='ltr'>latinis</span> <span class='ocrx_word' id='word_1_173' title='bbox 475 3412 590 3484; x_wconf 90' lang='lat' dir='ltr'>optime</span> <span class='ocrx_word' id='word_1_174' title='bbox 612 3412 736 3467; x_wconf 88' lang='lat' dir='ltr'>meritus</span> <span class='ocrx_word' id='word_1_175' title='bbox 757 3414 793 3469; x_wconf 90' lang='lat' dir='ltr'>E.</span> <span class='ocrx_word' id='word_1_176' title='bbox 823 3411 958 3482; x_wconf 90' lang='lat' dir='ltr'>Benoist,</span> <span class='ocrx_word' id='word_1_177' title='bbox 984 3411 1015 3468; x_wconf 92' lang='lat' dir='ltr'>in</span> <span class='ocrx_word' id='word_1_178' title='bbox 1041 3412 1236 3485; x_wconf 86' lang='lat' dir='ltr'>praelectione</span> <span class='ocrx_word' id='word_1_179' title='bbox 1261 3414 1298 3470; x_wconf 91' lang='lat' dir='ltr'>de</span> 
     </span>
     <span class='ocr_line' id='line_1_26' title="bbox 183 3499 1297 3576; baseline 0.004 -22"><span class='ocrx_word' id='word_1_180' title='bbox 183 3499 312 3555; x_wconf 86' lang='lat' dir='ltr'>Horatio</span> <span class='ocrx_word' id='word_1_181' title='bbox 332 3499 362 3554; x_wconf 90' lang='lat' dir='ltr'>in</span> <span class='ocrx_word' id='word_1_182' title='bbox 386 3501 528 3557; x_wconf 87' lang='lat' dir='ltr'>Sorbona</span> <span class='ocrx_word' id='word_1_183' title='bbox 552 3501 653 3558; x_wconf 87' lang='lat' dir='ltr'>habita</span> <span class='ocrx_word' id='word_1_184' title='bbox 676 3503 787 3570; x_wconf 80' lang='lat' dir='ltr'>(Revue</span> <span class='ocrx_word' id='word_1_185' title='bbox 808 3502 951 3576; x_wconf 77' lang='lat' dir='ltr'>polirique</span> <span class='ocrx_word' id='word_1_186' title='bbox 973 3513 1002 3557; x_wconf 86' lang='lat' dir='ltr'>et</span> <span class='ocrx_word' id='word_1_187' title='bbox 1027 3502 1185 3572; x_wconf 79' lang='lat' dir='ltr'>litte&#39;raire,</span> <span class='ocrx_word' id='word_1_188' title='bbox 1215 3503 1297 3575; x_wconf 81' lang='lat'>1875,</span> 
     </span>
     <span class='ocr_line' id='line_1_27' title="bbox 179 3600 303 3662; baseline 0 -2"><span class='ocrx_word' id='word_1_189' title='bbox 179 3608 208 3660; x_wconf 86' lang='lat' dir='ltr'>p.</span> <span class='ocrx_word' id='word_1_190' title='bbox 226 3600 303 3662; x_wconf 84' lang='lat' dir='ltr'>7¹9l·</span> 
     </span>
    </p>

    <p class='ocr_par' dir='ltr' id='par_1_4' title="bbox 216 3679 931 3747">
     <span class='ocr_line' id='line_1_28' title="bbox 216 3679 931 3747; baseline 0.015 -15"><span class='ocrx_word' id='word_1_191' title='bbox 216 3683 255 3747; x_wconf 77' lang='lat' dir='ltr'>(al</span> <span class='ocrx_word' id='word_1_192' title='bbox 276 3679 441 3747; x_wconf 83' lang='lat' dir='ltr'>Carm.1v,</span> <span class='ocrx_word' id='word_1_193' title='bbox 460 3681 486 3746; x_wconf 83' lang='lat'>3,</span> <span class='ocrx_word' id='word_1_194' title='bbox 503 3682 549 3737; x_wconf 85' lang='lat'>23.</span> <span class='ocrx_word' id='word_1_195' title='bbox 929 3726 931 3731; x_wconf 85' lang='lat'><em>.</em></span> 
     </span>
    </p>

    <p class='ocr_par' dir='ltr' id='par_1_5' title="bbox 180 3767 1299 4181">
     <span class='ocr_line' id='line_1_29' title="bbox 217 3767 1299 3844; baseline 0.004 -22"><span class='ocrx_word' id='word_1_196' title='bbox 217 3767 254 3838; x_wconf 68' lang='lat'>(3)</span> <span class='ocrx_word' id='word_1_197' title='bbox 275 3768 314 3822; x_wconf 87' lang='lat' dir='ltr'>H.</span> <span class='ocrx_word' id='word_1_198' title='bbox 346 3769 541 3838; x_wconf 72' lang='lat' dir='ltr'>Srsrnnuus,</span> <span class='ocrx_word' id='word_1_199' title='bbox 575 3771 622 3825; x_wconf 86' lang='lat' dir='ltr'>Ad</span> <span class='ocrx_word' id='word_1_200' title='bbox 649 3773 849 3842; x_wconf 83' lang='lat' dir='ltr'>Anacreont.,</span> <span class='ocrx_word' id='word_1_201' title='bbox 878 3789 907 3844; x_wconf 90' lang='lat' dir='ltr'>p.</span> <span class='ocrx_word' id='word_1_202' title='bbox 943 3773 1016 3843; x_wconf 84' lang='lat'>267,</span> <span class='ocrx_word' id='word_1_203' title='bbox 1053 3772 1100 3826; x_wconf 87' lang='lat' dir='ltr'>ed.</span> <span class='ocrx_word' id='word_1_204' title='bbox 1131 3769 1234 3826; x_wconf 87' lang='lat' dir='ltr'>Fisch.</span> <span class='ocrx_word' id='word_1_205' title='bbox 1266 3804 1299 3813; x_wconf 93' lang='lat'><em>-</em></span> 
     </span>
     <span class='ocr_line' id='line_1_30' title="bbox 181 3853 1298 3933; baseline 0.005 -23"><span class='ocrx_word' id='word_1_206' title='bbox 181 3853 226 3912; x_wconf 85' lang='lat' dir='ltr'>Ci.</span> <span class='ocrx_word' id='word_1_207' title='bbox 243 3856 368 3922; x_wconf 73' lang='lat' dir='ltr'>Moatra,</span> <span class='ocrx_word' id='word_1_208' title='bbox 396 3859 466 3914; x_wconf 84' lang='lat' dir='ltr'>Vor.</span> <span class='ocrx_word' id='word_1_209' title='bbox 487 3859 553 3915; x_wconf 84' lang='lat' dir='ltr'>lect.</span> <span class='ocrx_word' id='word_1_210' title='bbox 571 3859 624 3915; x_wconf 93' lang='lat' dir='ltr'>lib.</span> <span class='ocrx_word' id='word_1_211' title='bbox 644 3861 695 3930; x_wconf 91' lang='lat' dir='ltr'>IV,</span> <span class='ocrx_word' id='word_1_212' title='bbox 712 3877 777 3933; x_wconf 89' lang='lat' dir='ltr'>cap.</span> <span class='ocrx_word' id='word_1_213' title='bbox 791 3879 838 3916; x_wconf 84' lang='lat' dir='ltr'>rx:</span> <span class='ocrx_word' id='word_1_214' title='bbox 856 3884 867 3914; x_wconf 76' lang='lat' dir='ltr'>a</span> <span class='ocrx_word' id='word_1_215' title='bbox 891 3860 1014 3917; x_wconf 86' lang='lat' dir='ltr'>Utinam</span> <span class='ocrx_word' id='word_1_216' title='bbox 1039 3872 1191 3916; x_wconf 85' lang='lat' dir='ltr'>exstarent</span> <span class='ocrx_word' id='word_1_217' title='bbox 1213 3875 1298 3917; x_wconf 90' lang='lat' dir='ltr'>vere-</span> 
     </span>
     <span class='ocr_line' id='line_1_31' title="bbox 180 3945 1299 4022; baseline 0.007 -24"><span class='ocrx_word' id='word_1_218' title='bbox 180 3961 247 3998; x_wconf 90' lang='lat' dir='ltr'>rum</span> <span class='ocrx_word' id='word_1_219' title='bbox 264 3945 387 4001; x_wconf 89' lang='lat' dir='ltr'>illorum</span> <span class='ocrx_word' id='word_1_220' title='bbox 402 3947 568 4020; x_wconf 88' lang='lat' dir='ltr'>lyricorum</span> <span class='ocrx_word' id='word_1_221' title='bbox 584 3962 725 4022; x_wconf 86' lang='lat' dir='ltr'>poemata</span> <span class='ocrx_word' id='word_1_222' title='bbox 747 3967 752 4003; x_wconf 91' lang='lat'>:</span> <span class='ocrx_word' id='word_1_223' title='bbox 775 3968 837 4005; x_wconf 93' lang='lat' dir='ltr'>non</span> <span class='ocrx_word' id='word_1_224' title='bbox 853 3949 960 4006; x_wconf 91' lang='lat' dir='ltr'>dubito</span> <span class='ocrx_word' id='word_1_225' title='bbox 977 3950 1052 4022; x_wconf 88' lang='lat' dir='ltr'>quin</span> <span class='ocrx_word' id='word_1_226' title='bbox 1075 3949 1299 4022; x_wconf 88' lang='lat' dir='ltr'>propemodum</span> 
     </span>
     <span class='ocr_line' id='line_1_32' title="bbox 180 4033 1299 4116; baseline 0.005 -28"><span class='ocrx_word' id='word_1_227' title='bbox 180 4033 284 4089; x_wconf 87' lang='lat' dir='ltr'>omnia</span> <span class='ocrx_word' id='word_1_228' title='bbox 300 4047 489 4104; x_wconf 83' lang='lat' dir='ltr'>ornamenta,</span> <span class='ocrx_word' id='word_1_229' title='bbox 503 4035 618 4111; x_wconf 68' lang='lat' dir='ltr'>‘quibus</span> <span class='ocrx_word' id='word_1_230' title='bbox 635 4037 782 4092; x_wconf 86' lang='lat' dir='ltr'>Horatius</span> <span class='ocrx_word' id='word_1_231' title='bbox 798 4037 946 4116; x_wconf 85' lang='lat' dir='ltr'>splendet,</span> <span class='ocrx_word' id='word_1_232' title='bbox 962 4038 999 4092; x_wconf 91' lang='lat' dir='ltr'>ab</span> <span class='ocrx_word' id='word_1_233' title='bbox 1011 4036 1222 4116; x_wconf 81' lang='lat' dir='ltr'>elseorrogata</span> <span class='ocrx_word' id='word_1_234' title='bbox 1234 4055 1299 4099; x_wconf 86' lang='lat' dir='ltr'>esse</span> 
     </span>
     <span class='ocr_line' id='line_1_33' title="bbox 180 4134 379 4181; baseline -0.025 -1"><span class='ocrx_word' id='word_1_235' title='bbox 180 4134 342 4181; x_wconf 68' lang='lat' dir='ltr'>constaret.</span> <span class='ocrx_word' id='word_1_236' title='bbox 366 4145 379 4176; x_wconf 85' lang='lat' dir='ltr'>n</span> 
     </span>
    </p>
   </div>
   <div class='ocr_carea' id='block_1_3' title="bbox 0 0 1490 5280">
    <p class='ocr_par' dir='ltr' id='par_1_6' title="bbox 0 0 1490 5280">
     <span class='ocr_line' id='line_1_34' title="bbox 0 0 1490 5280; baseline 0 0"><span class='ocrx_word' id='word_1_237' title='bbox 0 0 1490 5280; x_wconf 95' lang='lat' dir='ltr'> </span> 
     </span>
    </p>
   </div>
  </div>
 </body>
</html>
