2970 5280
644 451 826 518 ..56-

174 593 388 663 hereditaria
406 592 466 662 illa
483 616 503 662 a
518 591 716 681 majoribus
730 610 871 684 accepta
887 592 991 661 laude
1008 610 1149 683 poetam
1166 616 1296 684 super·

176 710 265 792 bite,
278 731 342 777 nec
354 709 548 800 quicquam
560 708 744 799 antiquius
758 708 888 778 habere
905 731 1014 799 quam
1027 727 1067 777 ut
1081 731 1159 778 eam
1173 731 1296 800 aequa·

176 825 271 894 libus
289 825 363 893 suis
379 819 592 893 imitandam
608 825 776 916 praebeat,
793 843 827 893 et
841 825 885 893 ad
898 825 1064 894 ultimam
1081 848 1195 916 usque
1211 849 1296 918 pos·

177 941 354 1010 teritatem
370 959 554 1032 propaget.
1210 933 1212 938 η

222 1057 347 1127 Nolim
369 1057 404 1126 in
431 1058 682 1149 percensendis
710 1058 886 1146 ejusmodi
909 1057 1129 1127 carminibus
1159 1058 1298 1127 nimius

177 1173 304 1259 videri,
322 1197 402 1264 quae
420 1174 585 1242 omnium
602 1174 775 1242 memoria
797 1191 988 1258 tenentur;
1006 1175 1184 1264 praecipua
1204 1176 1300 1243 indi·

178 1313 257 1362 care
271 1289 357 1359 satis
374 1290 526 1373 habebo,
541 1312 694 1380 quaeque
705 1290 861 1359 maxime
875 1291 1061 1381 proposito
1077 1292 1295 1362 conducant.

224 1408 266 1476 In
295 1406 488 1495 percelebri
514 1405 575 1474 illo
599 1407 756 1474 carmine
787 1429 859 1496 quo
884 1410 1092 1497 Augustum
1123 1408 1300 1477 adversus

175 1522 334 1590 'Parthos
348 1521 483 1590 bellum
498 1540 684 1612 parantem
701 1522 846 1590 laudare
862 1513 1019 1591 instituit
1034 1523 1093 1612 (1),
1108 1523 1298 1609 Horatius,

180 1637 366 1727 pindarico
388 1637 538 1707 artificio
564 1661 663 1722 usus,
684 1638 864 1729 ambigere
889 1639 1031 1709 videtur
1051 1660 1159 1728 quem
1177 1639 1301 1708 virum

180 1773 241 1822 aut
260 1754 367 1822 heroa
390 1776 543 1844 quemve
568 1756 675 1822 deum
702 1776 826 1824 canere
852 1755 1000 1839 debeat;
1025 1777 1108 1823 mox
1126 1754 1301 1825 diviniori

181 1888 300 1939 mente
314 1871 506 1960 impulsus,
524 1887 557 1938 et
577 1871 718 1960 poetico
734 1871 862 1961 spiritu
878 1871 975 1939 velut
988 1871 1168 1962 abreptus,
1185 1876 1302 1941 maxi·

182 2008 261 2053 mos
287 2007 445 2054 romanae
473 1985 590 2075 gentis
618 1987 715 2054 viros
744 1987 805 2076 qui
835 1987 987 2077 patriam
1018 1987 1143 2056 bellica
1165 1986 1304 2058 virtute

182 2101 420 2169 condiderunt
443 2118 476 2171 et
495 2100 530 2169 in
555 2101 774 2170 immensum
797 2118 983 2187 auxerunt,
1001 2103 1117 2171 obiter
1135 2103 1303 2194 quidem,

183 2217 245 2287 sed
267 2216 311 2286 iis
330 2217 498 2285 laudibus
515 2234 661 2286 exornat
678 2219 775 2286 unde
797 2219 982 2309 intellegas
999 2235 1140 2309 poetam
1158 2223 1304 2310 egregia

184 2334 219 2401 in
250 2333 330 2401 illos
360 2332 482 2424 patriae
524 2355 627 2401 veros
658 2350 775 2423 patres
806 2335 889 2403 lerri
919 2335 1168 2404 admiratione.
1199 2336 1304 2425 Quid

183 2449 316 2518 multa?
334 2449 478 2518 brevem
495 2451 691 2538 quamdam
707 2449 756 2517 ibi
778 2471 936 2518 romanae
953 2451 1095 2519 virtutis
1118 2469 1153 2520 et
1175 2453 1304 2542 gloriae

183 2566 340 2634 tabulam
374 2565 644 2656 adspiciendam
675 2566 858 2655 proponit,
890 2567 1089 2657 splendidis
1116 2568 1304 2638 coloribus

184 2681 375 2772 depictam,
393 2702 502 2770 quam
522 2682 680 2749 romanis
696 2682 862 2750 sensibus
879 2704 1099 2772 romanaque
1117 2684 1304 2771 majestate

185 2796 288 2885 quasi
303 2795 454 2864 animari
472 2818 578 2865 nemo
593 2818 701 2864 sanus
718 2797 923 2866 diffiteatur.

229 2915 305 3003 Age
322 2934 418 2996 ver0,
433 2911 515 3002 quis
530 2914 779 2982 Romanorum
793 2937 875 2981 cum
889 2935 1036 2984 romana
1053 2916 1166 3007 magis
1181 2941 1305 3008 super-

185 3029 242 3096 bia
259 3028 318 3096 illa
334 3045 592 3096 commemorat
610 3029 733 3118 proelia
756 3029 889 3120 quibus
910 3031 946 3099 in
964 3049 1162 3100 extremum
1179 3033 1304 3103 discri-

186 3168 266 3213 men
285 3145 390 3214 toties
411 3145 563 3212 adducta
579 3162 631 3212 est
648 3147 776 3232 Roma,
792 3169 832 3214 ex
850 3147 982 3237 quibus
999 3165 1118 3216 autem
1135 3150 1179 3218 ad
1201 3173 1302 3220 sum-

185 3284 286 3330 mum
303 3261 424 3350 gloriae
441 3261 626 3352 fastigium
642 3284 782 3351 semper
798 3263 968 3332 emersit?

328 3405 426 3474 Quam
443 3420 541 3476 neque
557 3402 678 3460 finitimi
692 3404 852 3461 valuerunt
866 3407 992 3478 perdere
1009 3408 1113 3479 Marsi,

399 3492 527 3548 Minacis
543 3504 594 3550 aut
610 3493 737 3550 Etrusca
755 3495 898 3551 Porsenae
915 3513 1033 3560 manus,

328 3581 448 3636 AEmula
463 3599 517 3637 nec
531 3582 628 3638 virtus
642 3583 764 3656 Capuae,
780 3600 834 3639 nec
853 3585 1015 3657 Spartacus
1031 3603 1099 3644 acer

399 3671 556 3742 Novisque
571 3671 662 3727 rebus
675 3671 806 3729 infidelis
821 3673 980 3738 Allobrox,

329 3758 391 3814 Nec
407 3757 469 3814 leta
484 3759 612 3815 caerulea
627 3760 746 3816 domuit
761 3761 921 3818 Germania
936 3764 1016 3836 pube

400 3847 642 3923 parentibusque
657 3849 851 3908 abominatus
868 3852 1020 3912 Hannibal
1036 3855 1085 3925 (2).

222 4037 260 4104 (ι)
280 4035 386 4092 Carm.
400 4053 420 4102 1,
441 4053 484 4091 12.

214 4125 259 4194 (2)
279 4123 376 4198 Epod.
398 4124 440 4189 16,
459 4141 484 4178 a.
