2970 5280
648 527 829 595 ..92-

186 651 421 741 epistularum
448 649 625 718 recusanti
647 667 761 740 poetae
777 649 943 740 princeps
965 672 1083 740 neque
1102 648 1315 720 suscensuit

186 769 381 858 quicquam
405 789 520 857 neque
539 766 734 835 amicitiam
761 789 863 834 suam
893 767 1053 857 ingerere
1082 766 1204 850 desiit,
1233 765 1313 832 imo

186 885 378 952 rescribere
395 882 491 950 haud
513 883 726 973 dedignatus
744 900 798 952 est
816 904 823 950 :
843 911 857 944 α
881 885 1008 973 Neque
1026 882 1170 951 enimsi
1189 900 1227 950 tu
1250 907 1312 950 su-

186 1002 317 1091 perbus
346 1000 543 1068 amicitiam
570 1019 728 1067 nostram
754 999 935 1090 sprevisti,
961 999 1042 1068 ideo
1068 1022 1134 1066 nos
1159 1022 1313 1090 quoque

184 1119 475 1206 ἁνθυπερηφκνοῡμεν.
509 1143 525 1177 »
567 1116 737 1184 Alienum
774 1115 817 1183 ab
853 1115 968 1183 aulica
1007 1115 1179 1183 servitute
1219 1139 1312 1206 poe-

185 1251 257 1300 tam
286 1233 384 1300 omni
412 1232 532 1299 studio
563 1250 597 1300 et
618 1254 719 1322 prece
746 1232 793 1299 ita
819 1232 1049 1322 persequitur
1074 1249 1113 1299 ut
1139 1231 1246 1299 irasci
1276 1255 1314 1300 se

186 1348 278 1417 dicat
292 1350 389 1438 quod
407 1349 543 1416 nullam
561 1348 674 1439 ipsius
692 1347 830 1415 nomini
847 1347 1038 1437 epistulam
1058 1347 1312 1438 inscripserit:

187 1467 278 1532 «An
297 1464 442 1547 vereriS,
467 1464 598 1552 inquit,
624 1487 666 1531 ne
691 1464 786 1554 apud
813 1481 974 1552 posteros
1003 1463 1133 1532 infame
1157 1463 1227 1532 tibi
1250 1463 1314 1549 sit,

186 1581 283 1671 quod
310 1580 464 1648 videaris
491 1579 676 1648 familiaris
705 1579 808 1648 nobis
835 1582 934 1648 esse?
958 1607 975 1643 »
1000 1579 1092 1668 Quae
1122 1580 1250 1648 omnia
1284 1580 1314 1648 si
1385 1616 1389 1624 ·

185 1697 275 1765 bene
304 1696 585 1786 perpendantur,
615 1696 725 1764 timeo
757 1715 796 1764 ut
826 1696 952 1780 invidi,
985 1719 1056 1764 non
1086 1696 1235 1764 candidi
1269 1697 1317 1765 sit

185 1814 314 1901 judicis
348 1813 512 1881 venalem
545 1830 606 1880 aut
639 1812 805 1881 servilem
840 1813 981 1880 Horatii
1017 1812 1181 1881 animum
1215 1815 1317 1882 aesti·

186 1952 295 1997 mate.

231 2046 332 2135 Quid
351 2047 457 2136 ergo?
475 2047 573 2114 Num
589 2045 622 2112 in
642 2047 857 2115 contrariam
876 2065 1012 2138 partem
1032 2046 1210 2114 abeuntes
1230 2068 1319 2138 pro-

186 2163 351 2231 nuntiare
385 2162 660 2248 sustinebimus,
691 2162 862 2254 quicquid
899 2163 935 2230 in
968 2162 1123 2253 Augusti
1153 2162 1319 2253 gratiam

184 2280 353 2347 cecinerit
378 2297 495 2370 poeta,
521 2278 557 2346 id
583 2303 623 2346 ex
651 2278 785 2364 animo,
812 2281 880 2364 vel,
907 2300 945 2347 ut
971 2280 1084 2363 aiunt,
1111 2301 1152 2346 ex
1178 2278 1319 2349 intima

186 2395 417 2487 persuasione
441 2396 676 2486 profluxisse?
700 2397 820 2484 Quam
839 2397 1077 2486 quaestionem
1098 2413 1138 2463 ut
1159 2393 1318 2466 tandem

186 2513 381 2594 solvamus,
400 2534 528 2603 magna
547 2512 711 2580 cautione
727 2513 902 2580 utendum
919 2531 972 2581 est
988 2536 1031 2581 ne
1048 2515 1318 2604 panegyricum

135 2713 142 2719 ⁸
185 2628 411 2696 contexuisse
429 2628 626 2696 videamur.
649 2627 686 2698 Si
704 2629 746 2695 de
762 2628 806 2695 iis
830 2628 1050 2696 carminibus
1070 2628 1204 2719 agitur,
1230 2630 1317 2720 qui-

143 2778 145 2783 ·
186 2746 252 2813 bus
269 2762 405 2812 veteres
431 2744 533 2812 Bruti
558 2745 693 2812 amicos
719 2745 881 2813 hortatur
897 2762 935 2812 ut
954 2745 1045 2813 inter
1063 2744 1202 2812 desidis
1230 2747 1318 2816 vitae

187 2860 333 2929 delicias
365 2860 487 2928 civiles
519 2884 621 2929 curas
637 2860 831 2956 deponant,
861 2861 942 2928 licet
969 2883 1115 2950 operam
1139 2865 1318 2952 Augusto

184 2994 320 3067 gratam
339 2976 524 3066 suscipiat,
544 2999 614 3043 non
634 2975 735 3044 video
753 3000 814 3045 cur
830 2977 1032 3065 injunctum
1055 2976 1122 3043 sibi
1148 2976 1316 3048 officium

185 3093 352 3184 persequi
379 3114 462 3160 eum
487 3092 659 3160 dicamus.
685 3092 865 3161 Didicerat
893 3115 1001 3183 quam
1029 3095 1184 3162 arduum
1216 3118 1315 3187 opus

184 3228 277 3277 esset
302 3208 455 3280 Caesaris
478 3208 616 3277 lacertis
645 3231 864 3300 repugnat-e,
893 3231 1048 3299 cumque
1069 3208 1105 3277 in
1128 3209 1315 3300 epicureis

186 3326 299 3394 hortis
330 3325 473 3394 imbelle
497 3325 668 3415 profecto,
699 3326 760 3392 sed
790 3326 991 3410 jucundum
1021 3343 1155 3406 tamen,
1187 3327 1313 3398 otium

184 3443 414 3533 repperisset,
433 3441 521 3508 nihil
533 3441 663 3509 melius
681 3464 762 3508 cum
781 3441 905 3509 amicis
923 3443 1103 3531 agendum
1120 3445 1311 3531 censebat,

183 3580 291 3646 quam
312 3556 408 3624 sicis
431 3556 629 3623 remedium
652 3572 881 3646 proponeret,
907 3558 1004 3646 quod
1028 3555 1096 3624 sibi
1114 3557 1205 3625 bene
1227 3584 1312 3628 suc-

183 3675 334 3742 cessisse
351 3674 520 3741 crederet.
540 3674 623 3742 Non
643 3674 738 3740 idem
753 3673 818 3741 erit
832 3672 1006 3760 judicium
1022 3675 1065 3741 de
1080 3673 1312 3745 carminibus

184 3812 263 3878 quae
304 3789 577 3857 instaurandum
617 3789 767 3856 deorum
807 3789 945 3856 cultum
983 3789 1312 3883 emendandosque

183 3927 300 3974 mores
332 3921 431 3972 tanto
462 3926 568 3993 opere
594 3905 756 3972 suadent.
796 3905 902 3972 Haud
931 3889 1127 3972 alia’enim
1159 3905 1310 3978 Horatii

183 4044 292 4111 quam
309 4022 464 4110 Augusti
483 4041 584 4088 mens
607 4020 643 4087 in
669 4020 723 4088 his
749 4019 858 4089 fuisse
883 4004 1036 4089 videtur.
1060 4020 1155 4100 Cum
1181 4041 1310 4095 autem

185 4137 374 4206 nobiscum
398 4155 607 4228 reputamus
633 4139 788 4206 eundem
817 4136 1018 4228 principem
1038 4154 1137 4206 tanto
1158 4138 1196 4208 in
1218 4142 1309 4210 deo·
