2970 5280
797 473 978 558 „48-

330 627 453 682 noster
471 612 633 683 Canidiae
650 612 819 704 illiusque
838 614 874 682 in
891 614 1086 683 taeterrimo
1102 636 1208 705 opere
1227 614 1457 684 administris

330 729 425 797 diras
442 729 661 820 imprecatur
677 733 733 818 (ι).

376 843 413 916 Si
432 845 531 912 nullo
550 868 619 914 non
642 864 803 936 tempore
825 846 996 938 religione
1015 870 1106 938 opus
1128 863 1180 914 est
1207 869 1289 937 quae
1305 847 1456 938 cupidi-

329 961 463 1028 tatibus
475 961 573 1029 frena
591 962 738 1050 injiciat,
749 981 828 1030 turn
844 964 999 1031 maxime
1015 962 1103 1032 illud
1114 962 1301 1030 vinculum
1312 963 1457 1032 deside-

331 1076 399 1144 rari
416 1076 648 1160 manifestum
664 1095 729 1161 est,
747 1100 829 1146 cum
845 1077 881 1145 in
905 1102 950 1147 ea.
972 1078 1166 1146 incidimus
1182 1095 1343 1168 tempora
1371 1101 1455 1169 quae

331 1215 459 1261 novam
501 1192 672 1261 omnibus
696 1193 800 1262 'vitiis
835 1195 1021 1264 materiam
1060 1195 1303 1285 suppeditant.
1341 1195 1454 1262 Haud

330 1308 439 1398 igitur
454 1310 576 1377 multae
599 1331 715 1400 operae
736 1328 803 1395 est,
825 1309 853 1377 si
877 1311 1023 1380 illorum
1049 1328 1255 1400 temporum
1274 1310 1455 1378 rationem

330 1424 473 1509 habeas,
491 1425 695 1517 intellegere
706 1428 767 1516 qui
780 1426 913 1495 factum
930 1426 976 1494 sit
990 1445 1028 1494 ut
1042 1427 1183 1494 Horatii
1200 1443 1301 1494 aetate
1314 1425 1454 1516 publici

329 1562 446 1608 mores
472 1540 561 1608 adeo
582 1566 601 1609 a
620 1543 772 1633 pristina
795 1543 980 1610 severitate
1008 1542 1228 1611 deflexerint.
1248 1544 1454 1632 Postquam

328 1655 425 1724 enim
443 1656 501 1724 illa
519 1658 726 1726 desaevierat
741 1675 935 1748 tempestas
966 1681 1045 1748 quae
1075 1680 1149 1726 rem
1172 1658 1354 1748 publicam
1387 1680 1454 1748 per

327 1773 526 1841 multorum
544 1774 657 1843 caedes
675 1775 718 1841 ad
738 1796 852 1842 unum
869 1774 986 1842 virum
1004 1775 1247 1863 transtulerat,
1268 1774 1372 1842 multi
1396 1797 1454 1843 ex-

327 1888 495 1958 stiterunt
510 1889 572 1979 qui
588 1889 713 1958 infimo
730 1891 802 1958 nati
826 1893 902 1959 loco
917 1891 1275 1981 proscriptorumque
1292 1889 1400 1958 bonis
1417 1910 1453 1960 et

329 2005 528 2074 honoribus
558 2007 651 2074 aucti
675 2007 711 2074 in
740 2029 886 2075 omnem
915 2008 1040 2074 luxum
1065 2006 1307 2094 effusissimis,
1337 2025 1376 2075 ut
1403 2008 1453 2076 ita

326 2121 457 2206 dicam,
477 2122 625 2190 habenis
646 2145 683 2190 se
701 2123 927 2213 projicerent.
952 2125 1035 2192 Non
1055 2143 1107 2192 est
1132 2123 1251 2213 itaque
1266 2125 1362 2213 quod
1383 2146 1450 2191 no-

328 2235 383 2304 bis
401 2238 677 2307 admirationem
694 2257 848 2326 moveat,
872 2240 899 2306 si
918 2257 1022 2330 poeta
1039 2239 1271 2308 acerbissimo
1288 2239 1450 2308 carmine

327 2351 364 2419 in
386 2353 565 2441 ejusmodi
583 2354 766 2423 hominem
787 2355 995 2447 quempiam
1011 2357 1210 2440 invehatur,
1235 2357 1297 2445 qui
1321 2378 1449 2424 servus

326 2469 411 2535 olim
431 2470 578 2560 flagellis
592 2470 877 2539 triumviralibus
895 2493 1023 2553 caeam,
1040 2494 1133 2538 nunc
1147 2471 1303 2561 superbo
1319 2493 1446 2560 gressu

326 2606 389 2673 per
405 2582 551 2654 Sacram
569 2585 661 2652 viam
686 2586 858 2670 ambulat,
876 2588 1100 2677 amplissima
1127 2586 1313 2655 latifundia
1329 2587 1446 2677 possi·

324 2700 397 2783 det,
417 2717 450 2768 et
467 2701 559 2768 inter
575 2703 714 2791 equites
732 2702 768 2768 in
795 2703 920 2793 primis
937 2702 1123 2783 sedilibus,
1144 2720 1351 2792 contempta
1368 2705 1445 2794 lege

325 2816 467 2900 Roscia,
487 2817 698 2906 spectaculis
716 2818 862 2886 interest
874 2821 927 2906 (a).
951 2820 1032 2888 Non
1050 2819 1148 2909 quod
1175 2818 1240 2885 soli
1263 2841 1325 2908 per
1349 2818 1445 2908 inju-

325 2931 415 2999 riam
432 2932 532 3000 ditati
553 2932 649 3000 luxui
667 2933 896 3023 indulgerent
911 2959 920 3019 3
936 2935 1148 3003 latiusenim
1160 2957 1200 3001 ea
1217 2955 1443 3024 prorepserat

326 3047 451 3116 libid0.
471 3049 561 3115 Pace
577 3067 659 3138 post
674 3050 855 3118 Actiacam
868 3072 1027 3141 pugnam
1051 3049 1225 3118 Romanis
1242 3050 1442 3136 conciliata,

321 3185 402 3231 cum
415 3162 486 3248 iam
498 3164 713 3233 securisotio
727 3164 796 3234 frui
811 3164 945 3249 liceret,
960 3166 1104 3234 divitias
1119 3187 1292 3251 exercere,
1311 3167 1441 3235 domos

321 3301 363 3346 ex
379 3279 652 3368 pretiosissimis
680 3282 923 3350 marmoribus
952 3283 1139 3366 aedificare,
1166 3304 1253 3350 auro
1282 3300 1316 3350 et
1334 3283 1441 3352 ebore

321 3417 490 3463 exornare
519 3398 578 3483 (3),
616 3419 744 3465 nemus
776 3397 869 3466 inter
899 3400 1085 3467 columnas
1118 3399 1283 3489 impluvii
1316 3422 1440 3469 conse·

320 3533 396 3579 rere
411 3501 470 3600 (a),
488 3512 517 3580 si
536 3535 607 3580 non
625 3532 821 3605 coeperunt,
842 3516 878 3582 in
902 3514 978 3584 dies
997 3532 1115 3585 tamen
1134 3516 1250 3606 magis
1276 3515 1440 3586 insueve-

353 3765 395 3834 (ι)
419 3761 516 3837 Epod.
533 3764 546 3818 5
563 3782 570 3830 ;
588 3762 625 3819 cf.
644 3762 710 3821 Crc.
731 3764 759 3819 in
779 3763 940 3827 Vatinium,
955 3781 994 3835 vr,
1013 3781 1069 3835 14:
1089 3785 1101 3815 v
1181 3782 1249 3820 cum
1271 3781 1438 3838 puerorum

317 3853 393 3907 extis
410 3851 484 3907 deos
500 3868 604 3908 manes
622 3865 752 3909 mactare
768 3852 876 3909 soleas.
894 3875 906 3904 ι

353 3939 390 4012 (2)
409 3940 510 4014 Epod.
529 3959 548 4012 4

353 4029 390 4101 13)
412 4030 519 4086 Carm.
539 4048 582 4095 111,
600 4029 670 4101 r,45
686 4048 693 4099 ;
709 4048 740 4099 ιι,
761 4030 804 4086 18.

353 4122 396 4189 (4)
414 4119 521 4175 Carm.
541 4135 583 4189 ιιι,
604 4137 647 4188 ιο,
666 4120 679 4175 5
695 4135 703 4189 ;
727 4117 959 4186 cf.V1ravv.v1‚
983 4120 1010 4176 8.
