2970 5280
645 492 825 559 ...26-

178 633 387 704 Graecorum
410 634 521 725 Ἐρμῆς
537 636 658 722 est(1),
684 635 785 702 Jovis
811 635 971 722 nuntius,
987 635 1162 704 facundiae
1180 657 1297 727 reper-

178 766 246 833 tor,
280 750 459 840 imprimis
486 750 622 819 amicus
654 767 841 840 poetarum
874 750 936 841 qui
967 752 1198 821 Mercuriales
1228 751 1295 820 viri

178 867 347 935 dicuntur
373 868 438 954 (a),
478 866 548 934 dux
576 867 780 936 animarum
808 867 842 934 in
873 867 1028 937 infernas
1064 848 1165 937 sedes
1200 887 1296 938 acta·

179 1006 268 1051 rum.
285 985 342 1071 (3).
382 982 515 1053 Graecae
548 983 722 1052 Nereides
751 987 963 1074 Neptunum
988 985 1205 1054 comitantur
1235 985 1293 1076 (4),

177 1100 281 1190 graeci
298 1100 475 1190 Cyclopes
494 1100 528 1167 in
546 1101 663 1168 AEtnae
688 1083 840 1167 officinis
867 1101 1028 1168 Vulcano
1055 1101 1215 1169 serviunt
1236 1104 1291 1188 (5).

178 1214 355 1299 Saturnus
389 1238 460 1283 non
489 1215 560 1304 jam
588 1215 787 1284 sationibus
814 1238 966 1306 praeesse
994 1218 1136 1285 videtur
1147 1238 1156 1301 ;
1188 1217 1296 1286 Liber

178 1354 322 1422 quoque
354 1331 510 1400 italicam
543 1349 707 1401 naturam
739 1333 848 1416 exuit,
886 1333 1046 1423 mysticis
1085 1332 1295 1402 Graecorum

176 1446 306 1516 sabulis
343 1447 378 1515 in
417 1448 595 1515 Bacchum
629 1464 788 1517 mutatus
820 1450 880 1534 (6).
930 1448 1150 1538 Quanquam
1181 1450 1295 1517 Varro

178 1586 307 1632 nomen
323 1565 474 1632 Veneris
496 1563 563 1632 sub
581 1563 726 1655 regibus
743 1566 839 1654 apud
859 1566 1044 1632 Romanos
1064 1564 1175 1633 luisse
1193 1587 1294 1655 nega·

178 1679 237 1747 bat
263 1682 319 1770 (7),
346 1696 465 1747 tamen
491 1679 597 1747 hodie
629 1680 773 1770 constat]
794 1680 949 1749 italicam
977 1681 1153 1750 Venerem
1187 1681 1296 1748 exsti·

177 1795 275 1878 tisse,
301 1795 417 1864 Latini
438 1794 583 1864 foederis
609 1796 799 1886 praesidem
819 1798 885 1885 (8),
905 1796 1001 1866 brevi
1025 1819 1107 1865 vero
1134 1800 1168 1865 in
1196 1796 1296 1867 Grae·

177 1933 301 1979 corum
325 1911 492 2002 Ἀφροδίτην
509 1911 662 1996 transiit,
681 1911 730 1980 ita
751 1929 790 1981 ut
806 1904 901 2003 apud
919 1914 1111 2004 scriptores
1125 1935 1295 1981 romanos

178 2027 330 2095 discerni
354 2044 507 2117 nequeat
524 2027 611 2117 quid
630 2029 673 2096 ad
699 2028 803 2113 hanc,
826 2028 912 2118 quid
928 2030 969 2097 ad
989 2030 1088 2099 illam
1105 2029 1290 2119 pertineat.

177 2143 233 2210 Ab
274 2143 425 2211 Horatio
466 2166 538 2211 non
574 2143 830 2234 exspectaveris
861 2163 900 2213 ut
927 2145 961 2213 in
994 2168 1034 2214 ea
1068 2144 1296 2235 depingenda

178 2258 372 2327 laetissimis
395 2259 604 2329 Graecorum
626 2259 757 2328 fabulis
780 2278 901 2350 parcat
928 2283 936 2332 :
968 2260 1140 2351 quicquid
1162 2261 1206 2329 de
1225 2261 1296 2328 Ve-

178 2396 273 2460 nere,
299 2375 341 2442 de
365 2374 546 2465 Cupidine
570 2393 604 2444 et
626 2375 760 2470 Gratiis
785 2376 1007 2462 cecinerunt,
1023 2376 1057 2444 id
1075 2399 1182 2445 suum
1196 2375 1297 2461 fecit,

179 2492 427 2560 Romanorum
451 2508 570 2560 tamen
596 2514 748 2576 memor,
769 2513 851 2561 cum
873 2515 952 2561 eam
978 2492 1171 2583 Erycinam
1196 2514 1299 2560 voca-

175 2607 228 2675 vit
244 2608 303 2696 (q),
321 2624 355 2675 et
372 2608 575 2676 AEneadum
591 2608 808 2697 genetricem
824 2608 907 2700 (ιο).

223 2725 305 2792 Νοιι
316 2724 447 2791 desunt
458 2723 520 2809 dii,
531 2717 606 2814 qui,
617 2725 849 2813 quantumvis
867 2725 1076 2795 Graecorum
1090 2742 1301 2793 commenta

116 3007 119 3012 -
212 2974 250 3044 (1)
272 2972 412 3035 Carm.1,
434 2991 476 3028 10.

212 3063 248 3133 (ι)
271 3062 376 3118 Carm.
396 3080 428 3134 11,
449 3081 493 3135 17,
511 3080 559 3136 29.

213 3152 251 3222 (3)
273 3150 383 3207 Carni.
400 3169 420 3220 r,
443 3169 485 3220 ιο,
506 3170 557 3224 17;
575 3169 621 3222 24,
641 3153 692 3223 18;
708 3171 750 3222 ιιι,
764 3153 790 3218 3,
810 3153 924 3224 13;25‚
946 3172 954 3208 1
974 3170 1062 3226 seqq.

211 3242 251 3312 (4)
273 3241 379 3298 Corm.
397 3257 441 3309 111,
463 3241 510 3311 28,
534 3258 577 3295 10.

161 3341 168 3353 '
212 3331 251 3401 (3)
272 3328 377 3384 Carm.
394 3347 415 3400 1,
429 3347 458 3400 4,
476 3330 502 3385 8.

213 3419 251 3489 (6)
273 3418 379 3475 Carm.
395 3437 415 3488 1,
432 3436 460 3491 7,
477 3419 511 3489 3;
533 3419 575 3490 ι8,
595 3437 622 3474 ιι
638 3438 646 3490 ;
662 3438 693 3490 ιι,
714 3438 756 3494 19,
776 3439 784 3475 1
807 3437 891 3493 seqq.

213 3509 253 3580 (7)
276 3507 429 3583 Maenon..
444 3509 569 3567 Salurn.
586 3528 605 3579 1,
626 3528 669 3564 12.

212 3596 252 3668 (8)
273 3595 323 3651 Cf.
353 3597 508 3662 Pennana,
531 3598 588 3654 Les
612 3598 716 3654 Dieux
737 3599 778 3671 'de
802 3599 963 3655 l'anct'enne
991 3601 1086 3655 Rome
1106 3599 1164 3668 (έά.
1188 3598 1298 3668 ιιι-ιι),

176 3703 207 3760 p.
226 3685 291 3742 265.
818 3741 820 3745 ,

212 3777 251 3848 (9)
273 3774 378 3830 Carm.
397 3794 416 3846 1,
432 3794 459 3846 2,
478 3777 522 3839 33,
537 3809 571 3818 -
592 3777 701 3833 Veneri
724 3777 864 3851 Erycinae
884 3777 1042 3850 templum,
1068 3791 1137 3850 post
1163 3796 1295 3853 pugnarn

177 3864 215 3920 ad
231 3866 489 3929 Trasumennum,
506 3878 640 3922 erectum
656 3884 721 3923 esse
737 3879 839 3924 narrat
856 3869 891 3923 T.
912 3865 979 3923 Liv.
999 3884 1071 3933 xxti,
1091 3885 1142 3923 ro:
1161 3867 1296 3923 «Veneri

177 3952 317 4026 Erycinae
329 3955 424 4009 aedem
438 3956 475 4024 Q.
495 3953 606 4011 Fabius
623 3956 775 4012 Maximus
788 3956 919 4013 dictator
933 3955 1025 4013 vovit.
1042 3977 1054 4008 ι
1073 3956 1120 4012 Cf.
1136 3957 1193 4013 Ov.
1210 3958 1293 4014 Fast.

176 4060 216 4112 tv,
233 4043 303 4115 875.
880 4053 882 4055 ’

216 4133 274 4204 (ιο)
296 4133 405 4191 Carm.
429 4151 469 4199 ιν,
485 4133 513 4205 6,
530 4152 561 4188 at
580 4155 587 4200 3
604 4133 702 4193 Carm.
720 4135 797 4191 Saec.
816 4135 861 4195 50.
