2970 5280
649 489 825 564 -82-.

178 655 281 706 utens
298 635 502 720 calliditate,
522 636 556 703 in
569 635 707 703 cunctis
722 635 770 703 ita
786 656 822 702 se
835 636 979 725 gerebat
994 645 1034 703 ut
1052 633 1305 703 dissimularet

179 752 371 844 imperium
404 751 660 842 simularetque
694 767 850 819 veterem
885 752 933 820 rei
974 751 1127 841 publicae
1156 751 1307 819 liberta-

179 887 264 938 tem.
294 867 388 939 Cum
421 868 531 958 igitur
560 868 603 936 de
633 868 813 936 reddenda
837 890 872 936 re
891 867 1031 957 publica
1051 868 1225 958 cogitaret
1242 869 1302 955 (1),

178 987 405 1068 dictaturam,
423 1006 551 1074 magna
576 983 608 1051 vi
624 984 793 1052 offerente
812 984 961 1073 populu,
980 983 1132 1073 genibus
1146 983 1304 1050 obvolu-

178 1119 235 1169 tus
253 1102 502 1191 deprecaretur
517 1099 576 1191 (a),
605 1098 816 1189 dominique
833 1099 1110 1190 appellationem
1130 1117 1169 1167 ut
1190 1100 1304 1166 male·

179 1217 316 1286 dictum
343 1233 377 1285 et
399 1216 636 1306 opprobrium
661 1237 802 1305 semper
826 1216 1032 1284 exhorreret
1047 1216 1119 1307 (3)‘;
1141 1237 1303 1304 cumque

179 1332 409 1401 comitiorum
423 1331 618 1422 pristinum
635 1332 690 1420 jus
707 1333 892 1399 reduceret
906 1334 965 1420 (4),
984 1332 1265 1422 proximumque
1284 1355 1304 1399 a

180 1450 249 1518 diis
268 1448 533 1516 immortalibus
552 1449 726 1516 honorem
742 1449 927 1517 memoriae
944 1449 1077 1516 ducum
1099 1465 1303 1537 praestaret,

180 1566 240 1655 qui
259 1565 452 1655 imperium
468 1564 593 1655 populi
610 1563 748 1632 romani
771 1587 811 1631 ex
827 1564 981 1632 minimo
998 1564 1198 1632 maximum
1215 1565 1305 1632 red-

179 1680 357 1749 didissent
372 1699 405 1748 et
423 1680 537 1771 ipsius
556 1679 720 1770 Pompeii
745 1697 900 1749 statuam
921 1699 1044 1748 contra
1067 1681 1195 1756 theatri
1224 1681 1305 1766 ejus

180 1797 314 1887 regiam
340 1796 529 1864 collocaret
560 1797 617 1884 (5),
645 1818 764 1865 nonne
789 1797 932 1866 credere
958 1797 1009 1864 fas
1037 1815 1124 1882 erat,
1151 1813 1306 1864 eatenus

178 1931 319 1981 tantum
337 1911 490 1983 Caesaris
510 1899 743 1980 hereditatem
759 1912 803 1980 ab
818 1915 982 2003 Augusto
1004 1930 1207 2002 susceptam
1223 1935 1305 1980 esse

180 2030 299 2119 quoad
328 2028 445 2097 occiso
472 2029 559 2118 patri
587 2045 800 2117 parentaret,
828 2051 904 2096 rem
934 2050 1019 2097 vero
1047 2028 1232 2120 publicam
1259 2030 1305 2097 ad

179 2163 335 2213 veterem
361 2145 537 2213 libertatis
570 2145 745 2213 rationem
773 2146 973 2214 revocaret?
1002 2146 1083 2214 Huc
1110 2146 1307 2213 accedebat

178 2261 275 2349 quod
305 2260 482 2349 Principis
504 2260 686 2347 adjutores
709 2280 742 2328 et
767 2261 970 2329 administri
998 2279 1070 2329 tam
1087 2260 1197 2350 probe
1225 2260 1307 2349 ejus

178 2375 354 2444 voluntati
373 2376 677 2465 obsequebantur,
703 2394 743 2445 ut
770 2379 925 2467 populus
949 2377 1072 2446 abesse
1097 2378 1307 2446 libertatem

178 2493 237 2559 vix
256 2492 496 2582 intellegeret3
514 2510 638 2561 auctor
653 2511 706 2560 est
732 2493 800 2560 Dio
819 2493 967 2564 Cassius
981 2494 1193 2585 Agrippam,
1217 2516 1306 2562 cum

177 2610 344 2696 Augusto
374 2609 520 2696 perinde
550 2607 744 2698 imperium
773 2607 947 2677 stabiliret
976 2632 1014 2676 ac
1037 2610 1065 2676 si
1096 2608 1306 2679 absolutam

178 2740 393 2814 potestatem
415 2725 469 2792 vel
485 2724 637 2792 maxime
656 2724 835 2815 probaret,
853 2726 900 2792 ita
921 2727 1096 2816 populum
1116 2725 1307 2795 beneficiis

179 2839 247 2907 sibi
274 2838 476 2909 devinxisse
504 2857 543 2907 ut
563 2841 728 2908 omnium
754 2840 907 2908 inarime
926 2841 1109 2931 popularis
1128 2841 1307 2929 judicare·

178 2974 238 3024 tur
256 2958 313 3043 (6).
338 2955 438 3025 Nihil
455 2955 572 3024 dicam
588 2957 631 3024 de
644 2957 851 3024 Maecenatis
867 2957 1016 3038 artibus,
1037 2957 1113 3048 qui,
1138 2962 1304 3048 equestri

178 3072 303 3139 ordine
319 3089 523 3156 contentus,
536 3073 579 3140 ad
592 3073 659 3140 hoc
671 3072 802 3157 vivere,
812 3074 855 3142 ad
871 3075 937 3142 hoc
951 3074 1085 3165 spirare
1095 3075 1303 3163 videbatur,

177 3204 216 3255 ut
246 3205 383 3278 gratam
407 3189 577 3256 omnibus
602 3187 753 3258 efficeret
780 3189 935 3280 Augusti
966 3207 1190 3280 potestatem.
1223 3195 1306 3263 Nos

179 3302 327 3392 quidem
345 3320 396 3372 tot
418 3305 632 3372 saeculorum
650 3304 765 3394 spatio
783 3329 802 3372 a
818 3305 962 3374 miseris
977 3306 1048 3374 illis
1071 3309 1306 3396 temporibus

216 3560 254 3632 (t)
271 3560 376 3626 Sunt„
392 3562 471 3637 Aug.
489 3561 536 3617 28.

215 3649 254 3721 (2)
271 3648 360 3719 ibid,
379 3651 421 3706 52.

214 3737 256 3809 (3)
271 3737 361 3807 Ibid,
379 3739 424 3795 53.
807 3803 810 3809 ,

212 3831 254 3900 (4)
271 3828 358 3899 ltin,
375 3847 424 3899 40.
437 3862 470 3871 -
487 3830 532 3886 Cl.
551 3831 621 3887 Dto.
643 3831 739 3898 Cass,
762 3833 885 3902 nv1,43.

215 3917 256 3987 (5)
272 3917 361 3984 Ibid,
377 3917 423 3973 31.

211 4007 250 4076 (6)
268 4007 334 4061 Dio.
357 4007 452 4077 CASS.,
476 4025 533 4079 Ltv,
553 4027 599 4082 29.
628 4029 641 4061 tt
661 4012 706 4062 Th
725 4012 796 4077 δῆμον
818 4011 963 4082 εὐεργεσίαις,
985 4013 1015 4071 ὥς
1040 4015 1082 4063 καὶ
1101 4014 1309 4086 δημοτικώτατος,

179 4096 364 4166 προσεποιήσατο.
392 4119 405 4148 n
