2970 5280
650 533 691 542 -
718 495 761 563 55
787 532 830 542 ..

178 635 228 704 rei
267 635 479 724 indignitate
521 653 640 704 motos
677 636 711 704 in
752 636 905 707 Caesaris
938 654 1051 707 castra
1097 636 1300 727 transfugas

179 752 299 820 ivisse.

225 867 1301 959 Cumver0,proximodeindeann0,RomaeauditumestOc·

178 984 362 1054 tavianutn
383 984 549 1054 ultimam
570 985 673 1054 bellis
691 985 856 1054 civilibus
889 985 1108 1076 imposuisse
1139 1004 1298 1067 manum,

177 1100 381 1169 Antonium
399 1101 560 1191 seipsum
579 1129 595 1165 a
623 1124 692 1170 non
710 1101 865 1192 segniter
891 1101 1234 1185 interemisse,adeo
1262 1121 1301 1170 ut

180 1219 292 1287 multa
309 1217 457 1309 desidiae
476 1219 691 1301 criminant
712 1219 882 1309 opinatur
892 1218 1191 1301 Velleius,morte
1210 1217 1302 1287 redi·

179 1333 1302 1426 meret(1)»,Cle0patramque,manibussibiillatis,triumpba-

180 1452 250 1519 lem
267 1451 455 1521 infamiam
473 1451 655 1536 vitavisse,
675 1453 823 1520 Flaccus
842 1454 997 1520 alterum
1025 1451 1136 1520 edidit
1158 1473 1300 1520 carmen

180 1567 290 1636 simili
307 1591 391 1637 sane
404 1585 633 1659 argument0,
647 1568 789 1637 diverso
808 1586 927 1638 tamen
945 1567 1097 1636 consilio
1112 1569 1169 1655 (a).
1189 1569 1301 1637 Nam·

180 1707 251 1775 que
264 1685 307 1752 de
322 1685 498 1767 Antonio,
514 1703 553 1753 ut
564 1685 639 1753 cive
656 1686 780 1773 dequo
795 1684 1097 1775 triumphandum
1109 1705 1181 1752 non
1195 1701 1300 1766 esset,

180 1801 322 1871 nullum
350 1801 503 1870 verbum
528 1800 624 1882 sacit,
651 1801 687 1868 in
710 1823 893 1891 unamque
920 1801 1153 1891 Cleopatram
1174 1822 1299 1868 omues

180 1917 298 1985 insani
321 1917 417 1986 illius
444 1916 525 1986 belli
558 1929 682 1987 causas
707 1917 890 2007 congerit,
918 1917 965 1985 ita
997 1935 1130 2000 tamen,
1157 1933 1196 1984 ut
1219 1916 1302 1984 vitae

180 2034 337 2103 dedecus
364 2033 492 2102 mortis
518 2033 722 2103 fortitudini
755 2035 947 2101 condonet.
982 2033 1302 2122 Quemadmodum

181 2149 294 2240 igitur
312 2172 481 2218 romanos
502 2173 629 2219 sensus
659 2150 695 2218 in
721 2151 880 2218 canenda
904 2149 1053 2219 victoria
1084 2148 1231 2239 profert,
1251 2149 1302 2216 sic

181 2288 301 2356 neque
320 2288 506 2337 romanam
537 2265 766 2336 clementiam
790 2265 1029 2348 obliviscitur,
1049 2287 1160 2354 quam
1177 2281 1302 2355 postea
1345 2289 1348 2294 ⁷

180 2383 466 2468 commendabit,
481 2400 515 2452 et
533 2382 635 2451 adiis
656 2381 871 2473 precabitur,
887 2399 926 2451 ut
947 2380 992 2449 sit
1016 2382 1145 2466 Roma,

522 2526 653 2581 bellante
682 2523 775 2597 prior,
791 2525 939 2597 jacentem

544 2613 635 2670 Lenis
650 2614 681 2669 in
696 2613 815 2669 hostem
829 2614 879 2686 (3).

232 2766 326 2837 Sunt
345 2785 466 2836 tamen
483 2767 545 2857 qui
564 2766 768 2836 existiment
790 2789 860 2833 non
877 2787 1005 2855 parum
1026 2763 1166 2833 Horatii
1184 2781 1304 2833 aucto-

183 2883 331 2953 ritatem
355 2905 397 2951 eo
426 2883 568 2966 elevari,
596 2883 694 2972 quod
722 2903 792 2949 non
827 2882 948 2949 minus
976 2881 1163 2951 Octaviani
1196 2901 1305 2970 quam

185 3001 315 3068 Romae
334 2998 515 3090 prosper-is
545 2999 652 3067 rebus
681 2999 856 3066 exsultare
884 2997 1058 3066 videatur.
1086 2996 1157 3065 Alii
1183 2996 1304 3081 etiam,

97 3153 100 3157 ’
184 3136 272 3184 cum
293 3132 498 3206 reputarent
520 3115 567 3184 ita
586 3113 782 3182 Triumviri
797 3112 1190 3203 laudesapoetaextolli
1206 3130 1245 3179 nt
1263 3114 1306 3181 de

186 3229 362 3322 Agrippa,
380 3254 464 3301 vero
494 3230 556 3300 illo
582 3231 740 3298 victoriae
771 3248 928 3313 auctore,
952 3229 1112 3314 sileatur,
1140 3246 1246 3318 atque
1271 3229 1306 3297 in

186 3346 317 3430 victos,
338 3363 371 3414 et
397 3369 458 3414 eos
485 3345 633 3436 quidem
660 3347 754 3415 cives
780 3369 962 3432 romanos,
984 3349 1106 3416 omnia
1134 3346 1307 3430 convicia,

188 3462 318 3531 saltem
357 3463 394 3531 in
428 3461 579 3554 Epodis,
610 3462 795 3551 jaciantur,
823 3487 864 3532 eo
894 3487 1009 3554 usque
1024 3463 1176 3532 Horatio
1201 3461 1306 3531 diffisi

187 3593 276 3647 sunt
292 3595 422 3646 uteum
438 3577 519 3647 inde
531 3579 575 3647 ab
588 3577 733 3647 Actiaca
747 3601 865 3669 pugna
880 3579 1037 3671 Augusti
1051 3596 1309 3648 assentatorem

186 3694 341 3784 ejusque
369 3694 516 3763 laudum
543 3695 644 3784 quasi
670 3695 918 3787 bucinatorem
939 3696 1117 3764 exstitisse
1140 3695 1309 3787 praedica·

221 3932 267 4008 (1)
288 3934 397 4005 Viam,
414 3953 443 4001 11,
461 3935 511 4006 87.

224 4025 263 4095 (a)
287 4021 398 4079 Carm.
422 4042 446 4092 1,
462 4023 506 4096 37.

226 4111 266 4184 (3)
289 4111 397 4169 Carm.
413 4128 491 4176 saec„
510 4113 555 4170 51.
