2970 5280
808 485 988 552 ..68-

342 648 424 694 cum
439 643 665 717 perspectum
684 625 750 694 erit
768 649 838 716 qua
854 626 991 694 ratione
1014 625 1048 692 in
1070 624 1225 714 Augusti
1244 624 1403 693 amicitia
1417 625 1468 692 sit

342 758 502 811 versatus
538 758 653 833 poeta.
677 740 762 809 :Hic
795 740 1078 810 animadvertere
1114 740 1199 809 satis
1232 740 1291 824 sit,
1324 741 1465 809 nullam

341 860 512 928 adversus
537 876 703 926 externos
730 858 851 926 hostes
877 857 1040 948 apparari
1067 857 1331 948 expeditionem
1350 879 1466 948 quam

341 975 434 1042 votis
450 997 521 1042 non
538 991 789 1065 prosequatur,
812 975 948 1043 nullam
973 973 1129 1042 nuntiari
1148 971 1335 1042 victoriam
1351 996 1466 1062 quam

341 1091 464 1180 pronis
499 1091 665 1159 laudibus
699 1113 771 1158 non
807 1091 963 1159 extollat.
998 1088 1074 1160 Sibi
1106 1088 1203 1158 enim
1237 1107 1467 1179 persuaserat

343 1208 468 1276 Romae
488 1207 667 1275 addictam
689 1227 768 1274 eam
786 1229 863 1275 esse
887 1205 1099 1297 potentiam,
1119 1226 1229 1296 quam
1251 1206 1269 1273 J
1275 1227 1361 1290 unu,
1380 1222 1467 1295 post

342 1344 502 1391 eversam
529 1322 690 1410 Trojam,
719 1322 756 1390 in
786 1324 936 1391 deorum
966 1338 1059 1391 coetu
1090 1321 1247 1413 pollicita
1272 1338 1365 1389 esset
1391 1324 1466 1409 (1l3

342 1439 537 1529 divinoque
550 1439 621 1507 fato
636 1443 842 1527 Augustum
858 1437 1025 1527 obsequi,
1039 1438 1126 1507 dum
1144 1459 1335 1506 romanum
1351 1437 1467 1528 impe·

341 1554 435 1623 rium
449 1557 493 1623 ad
511 1555 658 1623 ultimos
674 1572 850 1624 terrarum
872 1555 959 1622 fines
976 1555 1178 1645 prolataret.
1200 1554 1288 1622 Inde
1307 1553 1358 1622 illi
1380 1576 1467 1622 cum

341 1671 467 1741 ceteris
483 1671 612 1740 ltalicae
630 1671 747 1761 gentis
763 1671 998 1763 scriptoribus
1019 1670 1224 1738 communis
1244 1671 1371 1738 Romae
1398 1671 1467 1738 ad·

341 1786 496 1872 miratio,
516 1787 720 1856 communis
743 1810 857 1871 amor,
879 1787 1084 1856 communis
1106 1786 1237 1874 ineius
1258 1787 1468 1877 perennita-

340 1921 412 1972 tem
426 1904 526 1973 fides.
543 1903 662 1993 Quam
684 1904 853 1972 omnibus
873 1925 951 1971 cara
968 1903 1076 1973 suerit
1092 1905 1220 1987 Roma,
1234 1923 1344 1991 quam
1359 1905 1468 1972 valde

342 2042 378 2088 se
406 2020 612 2108 jactaverint
639 2021 674 2088 in
704 2020 775 2105 illa,
805 2038 901 2089 tanta
926 2021 968 2088 ad
994 2042 1141 2088 manum
1167 2018 1468 2089 testimoniorum

341 2137 442 2227 copia
462 2154 593 2228 praesto
611 2154 678 2221 est,
697 2155 737 2205 ut
754 2136 810 2204 vix
832 2137 971 2227 potiora
995 2136 1150 2226 eligendi
1174 2137 1323 2205 facultas
1341 2136 1463 2206 detur.

341 2253 537 2344 Postquam
574 2252 753 2344 Vergilius
787 2270 915 2321 cuncta
937 2252 1048 2320 ltaliae
1072 2252 1242 2322 miracula
1267 2254 1467 2336 enarravit,

339 2391 489 2438 romana
505 2369 755 2460 magnitudine
773 2368 960 2453 attonitus,
978 2370 1150 2437 exclamat
1169 2390 1176 2438 :

483 2510 614 2588 Scilicet,
632 2523 661 2568 et
677 2528 776 2567 rerum
792 2509 868 2567 facta
885 2523 930 2568 est
945 2509 1148 2584 pulcherrima
1165 2512 1259 2567 Roma
1277 2514 1287 2580 (
1308 2513 1330 2580 l.

341 2665 552 2756 Propertius
570 2687 642 2733 non
662 2663 783 2733 minus
805 2664 842 2732 in
860 2663 935 2753 ejus
954 2665 1077 2733 laudes
1096 2665 1228 2734 effusus
1249 2685 1257 2731 ε

517 2807 627 2866 Omnia
644 2810 789 2864 Romanae
803 2808 911 2864 cedent
931 2806 1074 2862 miracula
1089 2820 1189 2875 terrae,

556 2899 670 2953 Natura
686 2897 735 2953 hic
750 2896 863 2970 posuit,
881 2895 1030 2969 quidquid
1045 2895 1159 2969 ubique
1174 2896 1230 2953 fuit
1248 2895 1296 2968 (3).

384 3049 519 3140 Ecquis
543 3050 682 3140 ignorat
708 3049 868 3118 Plinium
885 3049 1074 3136 Maiorem,
1091 3049 1267 3141 descripta
1284 3067 1466 3138 praestan-

339 3166 489 3236 tissimis
508 3165 725 3256 imaginibus
750 3166 864 3249 ltalia,
888 3166 947 3234 ubi
973 3166 1016 3234 de
1041 3167 1155 3234 Roma
1177 3166 1374 3234 dicendum
1393 3186 1464 3253 est,

339 3285 485 3364 haerere,
507 3282 610 3373 quasi
626 3300 733 3351 tantae
750 3281 872 3372 gloriae
888 3283 965 3351 laus
986 3281 1106 3350 omnis
1123 3281 1238 3373 impar
1252 3281 1373 3350 futura
1391 3283 1466 3353 sit?

340 3429 356 3465 «
376 3400 472 3472 Urbs
499 3402 628 3484 Roma,
645 3399 706 3484 ait,
724 3399 776 3466 vel
796 3401 871 3467 sola
885 3398 920 3466 in
943 3421 996 3482 ea,
1011 3415 1046 3466 et
1062 3398 1170 3488 digna
1189 3415 1264 3466 tam
1279 3398 1371 3466 festa
1386 3376 1469 3469 cerss

338 3517 413 3586 vice
435 3516 555 3601 iacies,
578 3538 651 3605 quo
674 3514 821 3583 tandem
838 3513 973 3584 narrari
989 3514 1095 3583 debet
1111 3516 1272 3605 opereiu
1294 3513 1355 3606 (4).
1374 3517 1409 3586 N
1414 3540 1473 3586 on*

339 3633 579 3702 dubitaverim
612 3648 744 3716 tamen,
772 3632 807 3699 in
836 3631 896 3700 illo
926 3632 1052 3699 Romae
1080 3631 1307 3700 laudatorum
1331 3633 1463 3719 chor0,

373 3849 411 3920 (1)
433 3847 539 3904 Carm.
555 3865 598 3917 ιιι,
618 3845 644 3913 3,
659 3847 708 3916 45.

374 3938 411 4007 la)
434 3937 541 4013 Georg.
557 3954 588 4006 11,
609 3935 672 4005 534.

373 4025 414 4096 (3)
435 4027 541 4095 Pnon,
556 4042 595 4096 tv,
616 4043 661 4095 22,
681 4043 713 4098 ¹7
730 4023 787 4096 (ed.
805 4025 880 4080 Luc.
897 4024 1046 4095 Mueller).

374 4115 411 4186 (4)
430 4116 504 4172 Nat.
522 4115 616 4180 Hiar„
634 4133 675 4184 ιιι,
694 4116 706 4170 5
724 4113 780 4186 (ed.
799 4113 876 4170 Lud.
892 4114 971 4184 lau).
