2954 5084
628 515 830 560 -loou

181 685 280 736 sexto
296 665 470 735 AEneidos
491 663 581 732 libro
598 665 640 732 de
658 665 862 732 animorum
880 662 1162 751 immortalitate,
1181 663 1309 732 Plato·

182 803 262 851 nem
281 782 315 849 in
333 780 460 875 primis
473 797 629 863 secutus,
648 778 768 847 divine
784 777 923 847 cecinit.
939 770 1072 849 Utrum
1085 771 1308 863 judicandus

181 912 234 967 est
252 915 353 988 poeta
371 917 498 987 parum
519 895 586 964 sibi
606 896 639 963 in
662 893 900 985 philosophiae
922 894 1027 963 rebus
1045 912 1226 978 constare,
1244 919 1305 978 an,

182 1031 219 1083 ut
239 1014 349 1104 aliqui
367 1012 503 1103 opinati
523 1029 620 1095 sunt,
641 1029 899 1080 maturescente
916 1033 998 1079 cum
1017 1013 1120 1078 annis
1139 1010 1303 1102 ingenio,

180 1131 224 1199 ab
241 1130 399 1220 Epicuro
415 1128 458 1197 ad
477 1129 665 1197 Platonem
684 1127 868 1197 deflexisse
882 1126 954 1214 (r)?
981 1125 1074 1198 Satis
1096 1146 1150 1195 est
1168 1128 1301 1210 dicere,

181 1243 1301 1336 nifallor,Vergiiiumpoetae,nonphilosophiofficiofunctum

181 1383 269 1431 esse.
288 1361 369 1431 Non
387 1378 439 1429 est
455 1379 571 1430 tamen
590 1361 687 1450 quod
711 1360 814 1428 nobis
829 1359 1059 1428 interdictum
1076 1376 1248 1449 putemus
1264 1362 1298 1428 in

181 1494 283 1568 poeta
301 1475 556 1568 philosophum
580 1498 751 1566 quaerere,
769 1477 914 1567 quando
930 1471 1078 1566 quidem
1097 1495 1201 1567 poeta
1222 1477 1299 1567 phi-

181 1592 391 1682 losophatus
423 1608 498 1676 est3
529 1592 590 1660 sed
625 1592 825 1660 cavendum
856 1611 909 1660 est
944 1615 987 1660 ne
1019 1591 1116 1660 aliud
1148 1592 1192 1660 ab
1221 1592 1298 1683 ipso

180 1726 343 1800 petamus
362 1730 471 1798 quam
489 1731 507 1776 a
524 1726 627 1798 poeta
645 1708 842 1797 petendum
858 1725 923 1776 est.
944 1708 1026 1776 Non
1045 1707 1297 1776 insudabimus

180 1841 219 1894 ut
236 1845 373 1907 omnes,
392 1840 570 1914 quotquot
584 1841 667 1893 sunt
682 1825 715 1891 in
734 1843 895 1916 poemate
917 1823 1051 1914 aliquo,
1069 1825 1112 1891 ad
1138 1824 1297 1912 philoso-

182 1938 303 2031 phiam
336 1939 554 2031 pertinentes
583 1938 777 2008 sententias
811 1940 846 2008 in
879 1962 988 2008 unam
1020 1941 1104 2008 certi
1141 1941 1298 2009 nominis

183 2057 382 2125 doctrinam
405 2077 596 2147 cogamus3
620 2073 667 2141 at,
693 2056 812 2125 habita
837 2057 973 2125 ratione
998 2056 1162 2124 omnium
1183 2077 1298 2146 quaee

183 2171 421 2263 philosophiae
439 2195 532 2262 penu
547 2173 785 2265 deprompsit,
801 2173 1046 2262 disquiremus
1062 2175 1206 2262 qualem
1222 2174 1298 2241 ani-

180 2310 281 2356 mum
316 2287 350 2356 in
387 2287 430 2356 iis
468 2289 630 2379 gesserit,
668 2289 802 2379 quibus
841 2288 1074 2381 potissimum
1110 2290 1299 2358 sententiis

179 2403 378 2473 innutritus
403 2405 461 2489 sit,
487 2407 568 2495 quis
592 2405 697 2474 fuerit
724 2405 1072 2497 philosophicusut
1098 2405 1145 2473 ita
1166 2405 1297 2490 dicam,

180 2519 299 2611 poesis
316 2518 476 2615 spiritus.
496 2520 606 2616 Quod
624 2521 651 2588 si
678 2520 711 2588 in
731 2520 880 2613 legendo
900 2522 1053 2590 Horatio
1071 2521 1160 2589 bene
1175 2522 1299 2591 animo

179 2635 287 2704 fixum
322 2634 533 2721 tenuissent,
567 2659 637 2705 non
677 2638 943 2706 commisissent
976 2637 1133 2728 profecto
1166 2655 1205 2705 ut
1237 2639 1297 2708 alii

183 2750 1296 2842 EpicureumaliiStoicum,a1iiAcademicumeumdicerent.

190 2867 192 2871 ’
221 2869 277 2937 Ab
302 2869 457 2959 Epicuro
478 2886 569 2939 stare
590 2869 743 2954 videtur,
767 2893 849 2938 cum
868 2871 903 2937 in
923 2869 1059 2938 festivis
1075 2870 1299 2939 carminibus

177 2982 309 3073 quibus
340 2984 445 3053 toties
477 2986 527 3081 ad¹
548 2987 770 3077 voluptatem
788 2986 916 3056 invitat
930 2986 1078 3072 amicos,
1094 3004 1171 3055 tum
1186 2987 1297 3056 etiam

177 3099 210 3166 in
237 3097 473 3172 Sermonibus
490 3100 550 3169 ubi
568 3102 682 3192 magis
703 3103 832 3193 seriam
850 3125 1040 3198 personam
1056 3103 1140 3194 agit.
1163 3104 1297 3173 Nonne

179 3215 377 3306 Epicureus
405 3236 469 3302 est,
498 3239 580 3286 cum
609 3220 767 3287 Deorum
792 3220 1056 3311 providentiam
1080 3219 1206 3289 irridet
1231 3220 1297 3312 (2),

175 3333 228 3401 vel
261 3332 395 3418 justum
427 3332 577 3402 utilitate
609 3335 757 3403 metitur
781 3336 855 3423 (3)?
900 3340 948 3405 At
978 3335 1160 3405 idemille
1189 3355 1296 3427 poeta

175 3448 321 3517 stultam
350 3438 599 3541 epicureorum
631 3450 666 3519 in
697 3452 854 3521 curanda
886 3455 976 3542 pelle
1010 3452 1296 3522 sollicitudinem

174 3557 272 3632 haud
291 3564 392 3634 aliter
416 3587 525 3656 quam
545 3566 688 3635 Tullius
719 3567 926 3658 perstringit
951 3570 1018 3658 (4);
1046 3587 1081 3637 at
1107 3568 1143 3636 in
1174 3568 1296 3659 lyricis

207 3842 249 3908 (r)
271 3838 313 3894 ita
331 3839 366 3894 G.
386 3839 534 3906 Botssrnrt,
550 3840 595 3896 La
612 3838 749 3917 Religion
768 3858 855 3906 rom.‚
873 3858 891 3908 r,
908 3859 937 3914 p.
955 3842 1021 3897 228.

208 3927 246 4000 (t)
265 3928 328 3984 Sat.
349 3948 367 3996 r,
386 3930 409 3994 5,
431 3947 493 3987 ror.
509 3961 544 3970 -
559 3929 604 3985 ef.
625 3929 711 3985 Drott.
732 3931 904 3995 1,mm.‚x‚
923 3930 986 4003 139.

205 4016 240 4088 (3)
260 4018 325 4076 Sat.
343 4036 361 4083 r,
379 4018 404 4088 3,
422 4020 472 4092 98.
492 4051 525 4060 -
540 4016 584 4084 Cf.
606 4018 691 4074 Droo.
713 4018 838 4082 Lanam,
855 4037 884 4089 x,
905 4020 1044 4076 tio-rit,
1109 4047 1122 4082 f
1287 4082 1290 4089 ,

205 4107 243 4178 (4)
263 4107 360 4180 Epist.
371 4126 390 4176 1,
405 4126 433 4178 4,
455 4108 485 4163 16
498 4127 505 4178 ;
522 4106 559 4162 ci.
574 4119 669 4162 totam
681 4108 745 4164 Sat.
762 4126 793 4179 11,
805 4126 833 4178 4.
847 4140 882 4150 -
898 4109 962 4166 Cre.
976 4109 1005 4165 in
1021 4109 1184 4176 Pisonem,
1195 4113 1238 4181 iti.
