2970 5280
632 525 835 590 -ι()’5ψ

182 659 279 731 Cave
312 678 432 732 tamen
480 679 583 754 putes
622 662 657 731 in
693 663 813 754 lyricis
850 665 1071 736 carminibus
1108 666 1197 736 nihil
1232 666 1300 734 nisi

183 776 339 846 stoicum
355 779 681 848 sonare.Virtutem
698 780 959 871 enim,qualem
975 782 1108 852 effinxit
1122 782 1299 867 Porticus,

181 892 305 985 magis.
322 894 465 969 videtur
498 896 645 964 Flaccus
667 896 788 966 mirari
818 897 852 966 in
886 897 1043 989 antiquis
1070 898 1245 967 Romanis
1269 917 1302 968 et

182 1009 324 1089 eximiis
336 1011 556 1101 quibusdam
567 1012 665 1094 viris,
687 1034 796 1102 quarn
812 1013 879 1082 sibi
895 1032 927 1082 et
944 1015 1068 1083 amicis
1088 1037 1299 1106 proponere.

184 1127 324 1196 Heroas
361 1129 420 1196 illa
446 1129 594 1218 quidem
621 1129 771 1220 peperit,
798 1131 860 1199 sed
895 1131 925 1199 ei
947 1133 1009 1221 qui
1039 1133 1127 1201 adeo
1159 1149 1300 1220 tantum

181 1243 401 1312 ambitiosus
417 1263 470 1313 est
486 1262 525 1313 ut
550 1245 701 1335 privato,
724 1264 763 1314 ut
784 1248 922 1316 urbano
945 1269 1044 1317 more
1074 1248 1197 1317 vivens
1223 1272 1301 1317 eam

181 1357 390 1428 felicitatem
417 1360 636 1451 adipiscatur
660 1384 740 1451 quae
766 1363 917 1453 sapienti
937 1363 1101 1448 sufficiat,
1122 1367 1201 1456 plus
1224 1387 1300 1433 mo·

182 1474 295 1544 lestiae
320 1499 429 1566 quarn
458 1477 693 1545 emolumenti
724 1478 873 1547 allatura
898 1479 1086 1567 judicatur.
1109 1482 1225 1549 Immo
1245 1481 1301 1549 vix

181 1593 502 1682 reprehensionem
520 1593 681 1669 stultitiae
695 1612 728 1663 et
743 1594 944 1686 iniquitatis
960 1596 1116 1686 effugiet,
1134 1596 1163 1664 si
1181 1598 1301 1666 Hora-

181 1708 235 1776 tio
252 1710 340 1778 fides
355 1729 427 1792 est;
445 1709 562 1778 insani
581 1709 691 1793 enim,
711 1709 843 1800 inquit,

325 1887 428 1945 Insani
441 1888 561 1963 sapiens
577 1906 690 1945 nomen
705 1888 790 1960 ferat,
803 1907 910 1963 aequus
927 1889 1035 1964 iniqui,

325 1977 410 2034 Ultra
433 1996 523 2054 quam
540 1977 611 2035 satis
627 1991 672 2035 est
686 1978 828 2035 virtutem
844 1979 870 2034 si
885 1992 968 2053 petat
985 1979 1102 2053 ipsam(
1124 1981 1146 2051 ).

180 2177 276 2267 Quis
296 2176 408 2246 nescit
428 2177 564 2268 passim
580 2176 616 2244 in
628 2175 747 2267 lyricis
761 2177 912 2245 eandem
929 2176 1009 2245 aliis
1024 2178 1143 2247 verbis
1161 2197 1302 2247 senten-

181 2294 271 2364 tiam
284 2315 568 2377 recurrere‚cum
580 2293 705 2362 amicis
716 2294 904 2362 ostendere
921 2294 1040 2362 studet
1054 2294 1140 2384 quid
1159 2295 1302 2364 beatum

180 2409 337 2480 efficiat?
359 2411 492 2481 Nullus
505 2412 603 2479 color
619 2429 671 2479 est
687 2408 847 2501 argento,
868 2409 936 2477 nisi
958 2428 1158 2502 temperato
1183 2414 1301 2502 splen·

179 2529 263 2597 deat
281 2550 348 2595 usu
367 2529 423 2616 (a),
441 2549 586 2595 auream
601 2526 886 2596 mediocritatem
904 2527 1046 2618 diliges,
1063 2527 1093 2596 si
1111 2529 1227 2619 sapias
1244 2529 1301 2617 (3)3

179 2643 401 2713 desideranti
417 2644 514 2733 quod
524 2645 609 2712 satis
622 2660 688 2727 est,
705 2643 794 2712 nihil
812 2643 897 2711 mali
914 2643 1117 2713 timendum
1134 2647 1196 2734 (4);
1213 2646 1302 2713 bene

178 2780 234 2829 est
249 2760 304 2828 cui
327 2760 415 2828 deus
432 2759 564 2828 obtulit
583 2780 699 2851 parca,
722 2760 819 2850 quod
835 2759 921 2828 satis
936 2777 1001 2842 est,
1016 2783 1123 2829 manu
1142 2764 1199 2850 (5).
1216 2764 1303 2830 Haec

178 2877 244 2968 qui
265 2876 461 2968 praecipiat,
478 2898 598 2945 nonne
616 2876 790 2945 dicendus
816 2894 868 2944 est
893 2876 1064 2944 virtutem
1094 2877 1138 2945 ab
1166 2879 1303 2946 excelso

179 2993 246 3062 illo
263 2991 365 3061 stoici
386 2992 566 3084 Sapientis
592 2991 736 3083 fastigio
765 2992 901 3083 quasie
927 2993 1013 3062 caelo
1025 2994 1068 3062 ad
1090 3011 1201 3062 terras
1220 3017 1302 3062 avo-

179 3109 330 3194 cavisse,
346 3126 386 3176 ut
404 3109 588 3177 communi
604 3109 796 3177 hominum
811 3108 1029 3194 condicioni,
1041 3109 1302 3200 cotidianaeque

178 3228 264 3296 vitae
282 3228 596 3297 accommodaret?
615 3229 746 3297 Nonne
765 3226 974 3315 hujusmodi
992 3245 1167 3319 praecepta
1182 3229 1302 3297 abillo

180 3340 360 3433 principio
372 3343 550 3433 profluere
571 3343 753 3427 videntur,
772 3343 871 3434 quod
894 3342 944 3411 ita
967 3343 1054 3412 alias
1074 3342 1170 3413 lelici¹
1185 3343 1301 3413 brevi-

101 3443 104 3446 *
180 3475 252 3527 tate
274 3458 447 3551 expressit
471 3482 477 3528 :

216 3771 255 3842 (t)
274 3771 374 3845 Epist.
399 3772 468 3841 1,6‚
490 3772 532 3826 15.

217 3859 254 3932 (al
271 3860 376 3917 Carm.
393 3879 424 3926 ιι,
442 3879 468 3930 2,
489 3879 512 3917 1.

217 3949 257 4020 (3)
277 3948 383 4006 Carm.
403 3967 434 4019 11,
455 3967 498 4014 10,
516 3950 542 4005 5.

217 4048 255 4119 (4)
277 4047 382 4105 Carm.
399 4063 441 4114 ιιι,
461 4066 485 4119 ι,
502 4047 549 4102 25.

121 4194 126 4202 ,
218 4136 257 4208 (5)
278 4137 387 4194 Carm.
407 4153 448 4206 m,
466 4138 510 4208 16,
525 4139 573 4207 43.
