2970 5280
607 541 788 625 ..75-

134 699 231 751 runt.
252 681 341 752 Utra
368 679 551 769 judicandi
576 697 688 770 poetae
716 680 805 747 ratio
831 679 945 770 magis
972 701 1054 748 cum
1086 679 1252 770 aequitate

133 815 373 868 consentanea
390 796 449 881 sit,
469 796 586 886 primo
611 796 731 864 statim
757 796 890 864 intuitu
910 796 1092 865 cernitur·
1113 795 1253 885 Quam·

134 916 259 984 obrem
276 914 322 983 ita
338 912 624 1005 disputationem
642 913 887 997 instituamus,
914 930 952 980 ut
976 906 1269 1003 complectentes⁴

132 1033 255 1101 animo
269 1053 348 1121 quae
363 1030 506 1120 scripsit
525 1031 712 1114 Horatius,
722 1050 802 1120 quae
816 1030 859 1097 de
873 1053 915 1098 eo
930 1030 1024 1120 apud
1037 1029 1253 1101 Suetonium

133 1148 301 1238 legimus,
331 1168 483 1237 quaeque
515 1147 568 1215 sui
597 1147 639 1214 de
666 1151 831 1238 Augusto
865 1163 1054 1215 senserunt
1083 1148 1250 1236 aequales,

133 1287 250 1355 neque
279 1265 324 1332 ad
341 1262 541 1331 censoriam
567 1263 806 1347 severitatem,
827 1285 942 1353 neque
963 1264 1006 1330 ad
1028 1261 1178 1331 nimiam
1202 1261 1253 1328 in·

133 1380 357 1472 dulgentiam
371 1379 615 1448 deflectamus.

179 1499 225 1566 II.
251 1497 417 1565 Primum
446 1497 625 1581 omniurn,
650 1497 726 1564 ltice
750 1497 880 1565 clarius
899 1513 994 1586 patet
1023 1494 1252 1564 Venusinum

131 1631 274 1704 poetam
292 1636 364 1681 non
376 1613 551 1682 Catonem
568 1611 677 1681 fuisse
692 1613 864 1702 aliquem,
877 1613 934 1680 cui
950 1613 1040 1681 victa
1054 1635 1159 1681 causa
1176 1634 1251 1680 ma-

131 1730 187 1822 gis
205 1732 359 1821 placeret
375 1753 483 1820 quarn
502 1730 630 1797 victrix
650 1729 732 1812 diis,
748 1730 895 1820 quique,
916 1753 959 1798 ne
977 1730 1011 1798 in
1031 1728 1169 1798 domini
1197 1751 1252 1797 ar·

130 1847 281 1916 bitrium
312 1846 495 1930 incideret,
527 1847 688 1936 gladium
716 1846 861 1915 haberet
889 1822 1062 1915 libertatis
1098 1827 1250 1914 asserto·

132 1985 210 2033 rem
236 1966 294 2052 (1).
324 1954 450 2052 Neque
475 1963 574 2030 enim
600 1963 629 2030 is
656 1981 730 2032 erat
751 1963 814 2054 qui
838 1964 1006 2031 nascendi
1040 1961 1251 2030 condicione

131 2081 183 2148 rei
207 2080 360 2171 publicae
389 2079 604 2148 factionibus
621 2079 785 2148 addictus
807 2097 899 2148 esset
918 2106 928 2164 3
950 2079 1117 2148 libertino
1154 2095 1251 2170 patre

131 2213 251 2281 natus,
270 2198 498 2286 Romamque
514 2221 531 2264 e
547 2196 731 2287 provincia
748 2198 938 2280 adductus,
961 2195 1004 2264 ab
1029 2195 1251 2264 hereditariis
1315 2199 1320 2210 ’

62 2375 66 2381 .
132 2315 188 2382 vel
206 2312 372 2381 civilibus
385 2312 574 2402 quibusvis
589 2313 751 2403 partibus
769 2313 859 2382 liber
869 2331 954 2382 erat.
967 2312 1252 2402 Addiligendam

134 2429 287 2521 patriam
306 2446 399 2498 certe
431 2429 559 2520 optimi
588 2430 699 2521 patris
728 2429 888 2498 consiliis
905 2429 1132 2513 informatus,
1149 2428 1192 2496 ab
1211 2452 1251 2496 eo

132 2547 309 2615 didicerat
338 2569 416 2614 earn
434 2570 510 2615 esse
528 2548 676 2615 demum
706 2547 894 2615 honestam
920 2547 1111 2637 diligendae
1130 2546 1251 2636 patriae

132 2664 309 2732 rationem
330 2681 369 2730 ut
385 2663 537 2754 publicae
555 2663 726 2731 utilitates
745 2664 893 2755 privatis
912 2663 1155 2731 simultatibus
1183 2662 1252 2730 uti-

132 2803 205 2870 que
221 2775 535 2870 anteponerentur.
558 2780 695 2857 Verum
719 2802 801 2847 cum
822 2780 987 2862 Athenis,
1006 2779 1040 2847 in
1059 2796 1175 2864 vetere
1191 2778 1252 2846 illo

131 2895 309 2966 libertatis
341 2895 538 2980 domicilio,
569 2895 661 2964 inter
695 2895 928 2965 ferventiores
967 2896 1252 2965 adulescentium

132 3011 257 3102 stirpis
274 3011 430 3101 patriciae
454 3011 749 3095 cretus,occisum
764 3035 854 3098 esse,
864 3013 923 3103 qui
937 3012 1060 3104 patriae
1079 3031 1252 3102 tyrannus

129 3127 325 3212 ferebatur,
345 3127 525 3196 Caesarem
543 3128 716 3213 audisset,
740 3130 966 3218 Brutumque
986 3128 1123 3196 videret
1141 3145 1251 3196 certa·

129 3243 199 3313 tim
225 3243 292 3312 coli
320 3260 359 3311 ut
388 3242 497 3311 deum
527 3244 686 3335 aliquem
706 3245 792 3313 caelo
822 3245 1002 3336 dilapsum
1027 3246 1089 3331 (2),
1121 3265 1251 3312 nomen

132 3359 276 3428 militiae
291 3359 401 3444 dedit,
421 3359 568 3447 juvenili
585 3360 862 3452 magisimpetu,
877 3383 987 3452 quam
1011 3360 1193 3429 obstinato
1215 3361 1251 3427 in

128 3475 337 3545 libertatem
354 3498 474 3544 amore
493 3476 684 3567 impulsus.
704 3476 831 3548 Sciunt
845 3500 970 3547 omnes
987 3499 1059 3568 quo
1084 3475 1183 3545 suror
1196 3477 1252 3545 ille

127 3589 316 3658 militandi
334 3591 520 3661 reciderit:

316 3722 483 3797 Civilisque
499 3726 604 3782 rudem
621 3727 691 3782 belli
710 3725 779 3782 tulit
793 3739 885 3783 aestus
902 3727 933 3781 in
945 3744 1038 3796 arma,

311 3812 442 3869 Caesaris
458 3814 586 3887 Augusti
602 3833 664 3871 non
680 3833 864 3888 responsura
884 3814 1003 3872 lacertis
1020 3814 1071 3885 (3).

165 4026 211 4097 (1)
232 4022 315 4097 Sem,
331 4025 431 4099 Epist.
453 4025 496 4094 13,
517 4044 560 4098 14.

166 4114 208 4185 (2)
226 4114 295 4168 Dio.
314 4113 415 4177 Cnss„
434 4133 577 4186 antiqno.

165 4202 210 4276 (3)
230 4200 331 4276 Epist.
345 4221 376 4269 tt,
391 4221 417 4274 2,
432 4220 485 4277 47.
