<?xml version="1.0" encoding="UTF-8"?>
<!DOCTYPE html PUBLIC "-//W3C//DTD XHTML 1.0 Transitional//EN"
    "http://www.w3.org/TR/xhtml1/DTD/xhtml1-transitional.dtd">
<html xmlns="http://www.w3.org/1999/xhtml" xml:lang="en" lang="en">
 <head>
  <title>
</title>
<meta http-equiv="Content-Type" content="text/html;charset=utf-8" />
  <meta name='ocr-system' content='tesseract 3.04.00' />
  <meta name='ocr-capabilities' content='ocr_page ocr_carea ocr_par ocr_line ocrx_word'/>
</head>
<body>
  <div class='ocr_page' id='page_1' title='image "./quidvereromanum00devagoog_0068.png"; bbox 0 0 2970 5280; ppageno 0'>
   <div class='ocr_carea' id='block_1_1' title="bbox 665 463 846 606">
    <p class='ocr_par' dir='ltr' id='par_1_1' title="bbox 665 463 846 606">
     <span class='ocr_line' id='line_1_1' title="bbox 665 463 846 606; baseline -0.006 -40"><span class='ocrx_word' id='word_1_1' title='bbox 665 463 846 606; x_wconf 53' lang='lat'>45,-</span> 
     </span>
    </p>
   </div>
   <div class='ocr_carea' id='block_1_2' title="bbox 179 659 1312 3983">
    <p class='ocr_par' dir='ltr' id='par_1_2' title="bbox 187 659 1312 1914">
     <span class='ocr_line' id='line_1_2' title="bbox 192 659 1311 752; baseline -0.001 -22"><span class='ocrx_word' id='word_1_2' title='bbox 192 663 307 752; x_wconf 84' lang='lat' dir='ltr'>magis</span> <span class='ocrx_word' id='word_1_3' title='bbox 323 683 505 744; x_wconf 92' lang='lat' dir='ltr'>romanos,</span> <span class='ocrx_word' id='word_1_4' title='bbox 522 661 741 729; x_wconf 82' lang='lat' dir='ltr'>Mantuanus</span> <span class='ocrx_word' id='word_1_5' title='bbox 754 682 799 728; x_wconf 92' lang='lat' dir='ltr'>an</span> <span class='ocrx_word' id='word_1_6' title='bbox 814 659 1178 750; x_wconf 89' lang='lat' dir='ltr'>Venusinus,spirare</span> <span class='ocrx_word' id='word_1_7' title='bbox 1190 660 1311 729; x_wconf 88' lang='lat' dir='ltr'>videa-</span> 
     </span>
     <span class='ocr_line' id='line_1_3' title="bbox 190 775 1312 867; baseline 0.001 -22"><span class='ocrx_word' id='word_1_8' title='bbox 190 794 251 845; x_wconf 91' lang='lat' dir='ltr'>tur</span> <span class='ocrx_word' id='word_1_9' title='bbox 266 777 503 862; x_wconf 90' lang='lat' dir='ltr'>injudicatum</span> <span class='ocrx_word' id='word_1_10' title='bbox 522 775 723 867; x_wconf 86' lang='lat' dir='ltr'>relinquere</span> <span class='ocrx_word' id='word_1_11' title='bbox 740 792 886 866; x_wconf 88' lang='lat' dir='ltr'>praestat</span> <span class='ocrx_word' id='word_1_12' title='bbox 905 799 1014 866; x_wconf 89' lang='lat' dir='ltr'>quam</span> <span class='ocrx_word' id='word_1_13' title='bbox 1035 777 1194 845; x_wconf 89' lang='lat' dir='ltr'>alterutri</span> <span class='ocrx_word' id='word_1_14' title='bbox 1220 777 1312 866; x_wconf 66' lang='lat' dir='ltr'>inju-⁴</span> 
     </span>
     <span class='ocr_line' id='line_1_4' title="bbox 189 891 1308 983; baseline 0 -21"><span class='ocrx_word' id='word_1_15' title='bbox 189 894 281 962; x_wconf 92' lang='lat' dir='ltr'>riam</span> <span class='ocrx_word' id='word_1_16' title='bbox 296 894 422 977; x_wconf 87' lang='lat' dir='ltr'>lacere,</span> <span class='ocrx_word' id='word_1_17' title='bbox 438 915 520 961; x_wconf 91' lang='lat' dir='ltr'>cum</span> <span class='ocrx_word' id='word_1_18' title='bbox 537 893 713 961; x_wconf 83' lang='lat' dir='ltr'><strong>simillimi</strong></span> <span class='ocrx_word' id='word_1_19' title='bbox 733 893 768 960; x_wconf 95' lang='lat' dir='ltr'>in</span> <span class='ocrx_word' id='word_1_20' title='bbox 784 914 891 982; x_wconf 89' lang='lat' dir='ltr'>opere</span> <span class='ocrx_word' id='word_1_21' title='bbox 909 891 1076 960; x_wconf 88' lang='lat' dir='ltr'><strong>dissimili</strong></span> <span class='ocrx_word' id='word_1_22' title='bbox 1101 911 1308 983; x_wconf 82' lang='lat' dir='ltr'>appareant.</span> 
     </span>
     <span class='ocr_line' id='line_1_5' title="bbox 195 1007 1310 1101; baseline 0 -24"><span class='ocrx_word' id='word_1_23' title='bbox 195 1010 382 1101; x_wconf 87' lang='lat' dir='ltr'>Quoniam</span> <span class='ocrx_word' id='word_1_24' title='bbox 393 1032 476 1078; x_wconf 89' lang='lat' dir='ltr'>vero</span> <span class='ocrx_word' id='word_1_25' title='bbox 491 1010 525 1077; x_wconf 95' lang='lat' dir='ltr'>in</span> <span class='ocrx_word' id='word_1_26' title='bbox 541 1009 689 1099; x_wconf 87' lang='lat' dir='ltr'>Vergilii</span> <span class='ocrx_word' id='word_1_27' title='bbox 709 1008 929 1076; x_wconf 88' lang='lat' dir='ltr'>mentionem</span> <span class='ocrx_word' id='word_1_28' title='bbox 943 1007 1151 1092; x_wconf 87' lang='lat' dir='ltr'>incidimus,</span> <span class='ocrx_word' id='word_1_29' title='bbox 1164 1031 1207 1077; x_wconf 91' lang='lat' dir='ltr'>ne</span> <span class='ocrx_word' id='word_1_30' title='bbox 1221 1009 1310 1078; x_wconf 91' lang='lat' dir='ltr'>illud</span> 
     </span>
     <span class='ocr_line' id='line_1_6' title="bbox 192 1124 1310 1216; baseline -0.001 -22"><span class='ocrx_word' id='word_1_31' title='bbox 192 1127 343 1216; x_wconf 91' lang='lat' dir='ltr'>quidem</span> <span class='ocrx_word' id='word_1_32' title='bbox 372 1125 534 1194; x_wconf 91' lang='lat' dir='ltr'>oblivisci</span> <span class='ocrx_word' id='word_1_33' title='bbox 570 1147 778 1216; x_wconf 91' lang='lat' dir='ltr'>possumus,</span> <span class='ocrx_word' id='word_1_34' title='bbox 809 1124 1001 1193; x_wconf 88' lang='lat' dir='ltr'>Horatium</span> <span class='ocrx_word' id='word_1_35' title='bbox 1021 1147 1091 1192; x_wconf 90' lang='lat' dir='ltr'>non</span> <span class='ocrx_word' id='word_1_36' title='bbox 1108 1125 1218 1193; x_wconf 93' lang='lat' dir='ltr'>semel</span> <span class='ocrx_word' id='word_1_37' title='bbox 1248 1127 1310 1193; x_wconf 93' lang='lat' dir='ltr'>sed</span> 
     </span>
     <span class='ocr_line' id='line_1_7' title="bbox 190 1239 1309 1335; baseline -0.001 -26"><span class='ocrx_word' id='word_1_38' title='bbox 190 1242 371 1332; x_wconf 93' lang='lat' dir='ltr'>imprimis</span> <span class='ocrx_word' id='word_1_39' title='bbox 393 1243 427 1310; x_wconf 96' lang='lat' dir='ltr'>in</span> <span class='ocrx_word' id='word_1_40' title='bbox 448 1241 746 1335; x_wconf 86' lang='lat' dir='ltr'>praestantissimo</span> <span class='ocrx_word' id='word_1_41' title='bbox 758 1240 914 1308; x_wconf 89' lang='lat' dir='ltr'>carmine</span> <span class='ocrx_word' id='word_1_42' title='bbox 933 1242 976 1308; x_wconf 92' lang='lat' dir='ltr'>de</span> <span class='ocrx_word' id='word_1_43' title='bbox 998 1242 1156 1309; x_wconf 91' lang='lat' dir='ltr'>Romulo</span> <span class='ocrx_word' id='word_1_44' title='bbox 1171 1239 1207 1310; x_wconf 94' lang='lat' dir='ltr'>in</span> <span class='ocrx_word' id='word_1_45' title='bbox 1225 1243 1309 1310; x_wconf 90' lang='lat' dir='ltr'>deo·</span> 
     </span>
     <span class='ocr_line' id='line_1_8' title="bbox 189 1356 1311 1449; baseline -0.001 -23"><span class='ocrx_word' id='word_1_46' title='bbox 189 1380 271 1426; x_wconf 91' lang='lat' dir='ltr'>rum</span> <span class='ocrx_word' id='word_1_47' title='bbox 282 1358 506 1449; x_wconf 71' lang='lat' dir='ltr'>consortium</span> <span class='ocrx_word' id='word_1_48' title='bbox 518 1358 747 1447; x_wconf 62' lang='lat' dir='ltr'>admissum,</span> <span class='ocrx_word' id='word_1_49' title='bbox 762 1373 878 1426; x_wconf 86' lang='lat' dir='ltr'>totum</span> <span class='ocrx_word' id='word_1_50' title='bbox 891 1356 1064 1425; x_wconf 86' lang='lat' dir='ltr'>AEneidos</span> <span class='ocrx_word' id='word_1_51' title='bbox 1082 1357 1311 1448; x_wconf 83' lang='lat' dir='ltr'>propositum</span> 
     </span>
     <span class='ocr_line' id='line_1_9' title="bbox 190 1472 1309 1567; baseline -0.003 -23"><span class='ocrx_word' id='word_1_52' title='bbox 190 1475 295 1565; x_wconf 90' lang='lat' dir='ltr'>quasi</span> <span class='ocrx_word' id='word_1_53' title='bbox 321 1475 509 1567; x_wconf 89' lang='lat' dir='ltr'>complecti</span> <span class='ocrx_word' id='word_1_54' title='bbox 538 1490 572 1542; x_wconf 91' lang='lat' dir='ltr'>et</span> <span class='ocrx_word' id='word_1_55' title='bbox 607 1473 801 1542; x_wconf 88' lang='lat' dir='ltr'>includere.</span> <span class='ocrx_word' id='word_1_56' title='bbox 825 1472 884 1543; x_wconf 88' lang='lat' dir='ltr'>Sic</span> <span class='ocrx_word' id='word_1_57' title='bbox 912 1492 1074 1563; x_wconf 88' lang='lat' dir='ltr'>uterque,</span> <span class='ocrx_word' id='word_1_58' title='bbox 1108 1474 1309 1543; x_wconf 87' lang='lat' dir='ltr'>fabulosam</span> 
     </span>
     <span class='ocr_line' id='line_1_10' title="bbox 190 1589 1309 1679; baseline -0.001 -21"><span class='ocrx_word' id='word_1_59' title='bbox 190 1592 440 1659; x_wconf 90' lang='lat' dir='ltr'>Romanorum</span> <span class='ocrx_word' id='word_1_60' title='bbox 456 1615 475 1659; x_wconf 88' lang='lat' dir='ltr'>a</span> <span class='ocrx_word' id='word_1_61' title='bbox 494 1589 661 1679; x_wconf 89' lang='lat' dir='ltr'>Trojanis</span> <span class='ocrx_word' id='word_1_62' title='bbox 678 1605 712 1658; x_wconf 91' lang='lat' dir='ltr'>et</span> <span class='ocrx_word' id='word_1_63' title='bbox 729 1591 867 1657; x_wconf 90' lang='lat' dir='ltr'>Venere</span> <span class='ocrx_word' id='word_1_64' title='bbox 891 1589 1067 1679; x_wconf 86' lang='lat' dir='ltr'>originem</span> <span class='ocrx_word' id='word_1_65' title='bbox 1088 1589 1309 1658; x_wconf 89' lang='lat' dir='ltr'>carminibus</span> 
     </span>
     <span class='ocr_line' id='line_1_11' title="bbox 189 1706 1309 1797; baseline 0 -22"><span class='ocrx_word' id='word_1_66' title='bbox 189 1708 288 1775; x_wconf 90' lang='lat' dir='ltr'>velut</span> <span class='ocrx_word' id='word_1_67' title='bbox 314 1707 571 1785; x_wconf 87' lang='lat' dir='ltr'>consecrando,</span> <span class='ocrx_word' id='word_1_68' title='bbox 589 1727 659 1773; x_wconf 94' lang='lat' dir='ltr'>non</span> <span class='ocrx_word' id='word_1_69' title='bbox 680 1706 801 1774; x_wconf 93' lang='lat' dir='ltr'>minus</span> <span class='ocrx_word' id='word_1_70' title='bbox 818 1726 974 1774; x_wconf 89' lang='lat' dir='ltr'>romanae</span> <span class='ocrx_word' id='word_1_71' title='bbox 1000 1706 1177 1797; x_wconf 89' lang='lat' dir='ltr'>superbiae</span> <span class='ocrx_word' id='word_1_72' title='bbox 1202 1729 1309 1797; x_wconf 88' lang='lat' dir='ltr'>quam</span> 
     </span>
     <span class='ocr_line' id='line_1_12' title="bbox 187 1821 1300 1914; baseline -0.004 -21"><span class='ocrx_word' id='word_1_73' title='bbox 187 1824 371 1914; x_wconf 89' lang='lat' dir='ltr'>Juliorum</span> <span class='ocrx_word' id='word_1_74' title='bbox 390 1822 580 1891; x_wconf 91' lang='lat' dir='ltr'>ambitioni</span> <span class='ocrx_word' id='word_1_75' title='bbox 605 1821 810 1890; x_wconf 90' lang='lat' dir='ltr'>assentitur.</span> <span class='ocrx_word' id='word_1_76' title='bbox 1298 1895 1300 1898; x_wconf 61' lang='grc'><strong>,</strong></span> 
     </span>
    </p>

    <p class='ocr_par' dir='ltr' id='par_1_3' title="bbox 179 1937 1309 3983">
     <span class='ocr_line' id='line_1_13' title="bbox 236 1937 1309 2029; baseline -0.002 -22"><span class='ocrx_word' id='word_1_77' title='bbox 236 1941 303 2009; x_wconf 93' lang='lat' dir='ltr'><strong>lIl.</strong></span> <span class='ocrx_word' id='word_1_78' title='bbox 330 1939 475 2007; x_wconf 83' lang='lat' dir='ltr'>Atenim</span> <span class='ocrx_word' id='word_1_79' title='bbox 502 1938 651 2029; x_wconf 88' lang='lat' dir='ltr'>pulchra</span> <span class='ocrx_word' id='word_1_80' title='bbox 680 1954 822 2028; x_wconf 93' lang='lat' dir='ltr'>patrum</span> <span class='ocrx_word' id='word_1_81' title='bbox 858 1937 1014 2005; x_wconf 88' lang='lat' dir='ltr'>facinora</span> <span class='ocrx_word' id='word_1_82' title='bbox 1040 1937 1223 2020; x_wconf 89' lang='lat' dir='ltr'>admirari,</span> <span class='ocrx_word' id='word_1_83' title='bbox 1249 1961 1309 2027; x_wconf 93' lang='lat' dir='ltr'>pa·</span> 
     </span>
     <span class='ocr_line' id='line_1_14' title="bbox 191 2052 1309 2145; baseline -0.001 -22"><span class='ocrx_word' id='word_1_84' title='bbox 191 2055 371 2145; x_wconf 86' lang='lat' dir='ltr'>triamque</span> <span class='ocrx_word' id='word_1_85' title='bbox 392 2057 428 2121; x_wconf 95' lang='lat' dir='ltr'>in</span> <span class='ocrx_word' id='word_1_86' title='bbox 450 2055 644 2144; x_wconf 87' lang='lat' dir='ltr'>praeterito,</span> <span class='ocrx_word' id='word_1_87' title='bbox 666 2069 705 2121; x_wconf 94' lang='lat' dir='ltr'>ut</span> <span class='ocrx_word' id='word_1_88' title='bbox 726 2052 774 2121; x_wconf 91' lang='lat' dir='ltr'>ita</span> <span class='ocrx_word' id='word_1_89' title='bbox 788 2052 917 2136; x_wconf 89' lang='lat' dir='ltr'>dicam,</span> <span class='ocrx_word' id='word_1_90' title='bbox 935 2075 1066 2138; x_wconf 91' lang='lat' dir='ltr'>amare,</span> <span class='ocrx_word' id='word_1_91' title='bbox 1083 2053 1239 2142; x_wconf 87' lang='lat' dir='ltr'>vulgaris</span> <span class='ocrx_word' id='word_1_92' title='bbox 1270 2077 1309 2122; x_wconf 90' lang='lat' dir='ltr'>ea</span> 
     </span>
     <span class='ocr_line' id='line_1_15' title="bbox 189 2168 1306 2259; baseline -0.002 -20"><span class='ocrx_word' id='word_1_93' title='bbox 189 2171 306 2239; x_wconf 89' lang='lat' dir='ltr'>virtus</span> <span class='ocrx_word' id='word_1_94' title='bbox 317 2171 481 2256; x_wconf 89' lang='lat' dir='ltr'>habetur,</span> <span class='ocrx_word' id='word_1_95' title='bbox 494 2191 575 2259; x_wconf 85' lang='lat' dir='ltr'>quae</span> <span class='ocrx_word' id='word_1_96' title='bbox 590 2191 672 2238; x_wconf 89' lang='lat' dir='ltr'>cum</span> <span class='ocrx_word' id='word_1_97' title='bbox 683 2192 753 2236; x_wconf 92' lang='lat' dir='ltr'>non</span> <span class='ocrx_word' id='word_1_98' title='bbox 768 2169 922 2237; x_wconf 90' lang='lat' dir='ltr'>multum</span> <span class='ocrx_word' id='word_1_99' title='bbox 937 2168 1155 2238; x_wconf 88' lang='lat' dir='ltr'>difficultatis</span> <span class='ocrx_word' id='word_1_100' title='bbox 1166 2170 1306 2252; x_wconf 90' lang='lat' dir='ltr'>habeat,</span> 
     </span>
     <span class='ocr_line' id='line_1_16' title="bbox 192 2287 1308 2379; baseline -0.003 -22"><span class='ocrx_word' id='word_1_101' title='bbox 192 2290 239 2357; x_wconf 91' lang='lat' dir='ltr'>ita</span> <span class='ocrx_word' id='word_1_102' title='bbox 257 2311 383 2379; x_wconf 90' lang='lat' dir='ltr'>parum</span> <span class='ocrx_word' id='word_1_103' title='bbox 400 2288 517 2356; x_wconf 91' lang='lat' dir='ltr'>laudis</span> <span class='ocrx_word' id='word_1_104' title='bbox 535 2305 704 2367; x_wconf 87' lang='lat' dir='ltr'>meretur.</span> <span class='ocrx_word' id='word_1_105' title='bbox 729 2288 784 2354; x_wconf 88' lang='lat' dir='ltr'>Ad</span> <span class='ocrx_word' id='word_1_106' title='bbox 806 2287 996 2376; x_wconf 86' lang='lat' dir='ltr'>praesentia</span> <span class='ocrx_word' id='word_1_107' title='bbox 1018 2305 1178 2377; x_wconf 88' lang='lat' dir='ltr'>tempora</span> <span class='ocrx_word' id='word_1_108' title='bbox 1198 2288 1308 2377; x_wconf 90' lang='lat' dir='ltr'>respi-</span> 
     </span>
     <span class='ocr_line' id='line_1_17' title="bbox 189 2402 1307 2494; baseline -0.003 -21"><span class='ocrx_word' id='word_1_109' title='bbox 189 2405 328 2473; x_wconf 91' lang='lat' dir='ltr'>ciamus</span> <span class='ocrx_word' id='word_1_110' title='bbox 341 2420 541 2494; x_wconf 90' lang='lat' dir='ltr'>oportet,ut</span> <span class='ocrx_word' id='word_1_111' title='bbox 555 2403 738 2492; x_wconf 90' lang='lat' dir='ltr'>quomodo</span> <span class='ocrx_word' id='word_1_112' title='bbox 753 2402 807 2469; x_wconf 88' lang='lat' dir='ltr'>sui</span> <span class='ocrx_word' id='word_1_113' title='bbox 822 2402 856 2469; x_wconf 92' lang='lat' dir='ltr'>in</span> <span class='ocrx_word' id='word_1_114' title='bbox 867 2403 1018 2492; x_wconf 88' lang='lat' dir='ltr'>patriam</span> <span class='ocrx_word' id='word_1_115' title='bbox 1029 2403 1307 2493; x_wconf 84' lang='lat' dir='ltr'>amorisagendo</span> 
     </span>
     <span class='ocr_line' id='line_1_18' title="bbox 189 2518 1308 2609; baseline -0.002 -20"><span class='ocrx_word' id='word_1_116' title='bbox 189 2522 245 2589; x_wconf 88' lang='lat' dir='ltr'>vel</span> <span class='ocrx_word' id='word_1_117' title='bbox 261 2520 451 2589; x_wconf 92' lang='lat' dir='ltr'>scribendo</span> <span class='ocrx_word' id='word_1_118' title='bbox 471 2519 559 2587; x_wconf 90' lang='lat' dir='ltr'>civis</span> <span class='ocrx_word' id='word_1_119' title='bbox 578 2518 729 2609; x_wconf 92' lang='lat' dir='ltr'>quilibet</span> <span class='ocrx_word' id='word_1_120' title='bbox 754 2519 952 2609; x_wconf 91' lang='lat' dir='ltr'>periculum</span> <span class='ocrx_word' id='word_1_121' title='bbox 980 2518 1113 2602; x_wconf 82' lang='lat' dir='ltr'>lecerit,</span> <span class='ocrx_word' id='word_1_122' title='bbox 1131 2519 1308 2587; x_wconf 88' lang='lat' dir='ltr'>aestimare</span> 
     </span>
     <span class='ocr_line' id='line_1_19' title="bbox 188 2634 1308 2729; baseline -0.001 -25"><span class='ocrx_word' id='word_1_123' title='bbox 188 2637 384 2729; x_wconf 93' lang='lat' dir='ltr'>possimus.</span> <span class='ocrx_word' id='word_1_124' title='bbox 408 2638 484 2705; x_wconf 90' lang='lat' dir='ltr'>Nec</span> <span class='ocrx_word' id='word_1_125' title='bbox 508 2634 626 2724; x_wconf 90' lang='lat' dir='ltr'>aptius</span> <span class='ocrx_word' id='word_1_126' title='bbox 645 2634 842 2724; x_wconf 92' lang='lat' dir='ltr'>quodpiam</span> <span class='ocrx_word' id='word_1_127' title='bbox 860 2651 1002 2725; x_wconf 92' lang='lat' dir='ltr'>tempus</span> <span class='ocrx_word' id='word_1_128' title='bbox 1028 2635 1174 2725; x_wconf 90' lang='lat' dir='ltr'>reperiri</span> <span class='ocrx_word' id='word_1_129' title='bbox 1192 2651 1308 2724; x_wconf 92' lang='lat' dir='ltr'>potest</span> 
     </span>
     <span class='ocr_line' id='line_1_20' title="bbox 191 2750 1307 2841; baseline -0.003 -19"><span class='ocrx_word' id='word_1_130' title='bbox 191 2754 237 2822; x_wconf 89' lang='lat' dir='ltr'>ad</span> <span class='ocrx_word' id='word_1_131' title='bbox 254 2752 289 2821; x_wconf 95' lang='lat' dir='ltr'>id</span> <span class='ocrx_word' id='word_1_132' title='bbox 306 2769 398 2821; x_wconf 90' lang='lat' dir='ltr'>recte</span> <span class='ocrx_word' id='word_1_133' title='bbox 417 2750 664 2837; x_wconf 80' lang='lat' dir='ltr'>iudicandum,</span> <span class='ocrx_word' id='word_1_134' title='bbox 689 2771 797 2839; x_wconf 89' lang='lat' dir='ltr'>quam</span> <span class='ocrx_word' id='word_1_135' title='bbox 823 2773 863 2817; x_wconf 90' lang='lat' dir='ltr'>ea</span> <span class='ocrx_word' id='word_1_136' title='bbox 892 2751 995 2841; x_wconf 91' lang='lat' dir='ltr'>plena</span> <span class='ocrx_word' id='word_1_137' title='bbox 1018 2750 1207 2819; x_wconf 90' lang='lat' dir='ltr'>turbarum</span> <span class='ocrx_word' id='word_1_138' title='bbox 1222 2768 1307 2819; x_wconf 88' lang='lat' dir='ltr'>tem-</span> 
     </span>
     <span class='ocr_line' id='line_1_21' title="bbox 188 2866 1308 2960; baseline -0.003 -23"><span class='ocrx_word' id='word_1_139' title='bbox 188 2890 288 2960; x_wconf 90' lang='lat' dir='ltr'>pora,</span> <span class='ocrx_word' id='word_1_140' title='bbox 307 2868 439 2957; x_wconf 92' lang='lat' dir='ltr'>quibus</span> <span class='ocrx_word' id='word_1_141' title='bbox 458 2866 622 2934; x_wconf 89' lang='lat' dir='ltr'>omnium</span> <span class='ocrx_word' id='word_1_142' title='bbox 644 2887 765 2934; x_wconf 92' lang='lat' dir='ltr'>rerum</span> <span class='ocrx_word' id='word_1_143' title='bbox 783 2866 1034 2937; x_wconf 85' lang='lat' dir='ltr'>conversiones</span> <span class='ocrx_word' id='word_1_144' title='bbox 1058 2868 1160 2951; x_wconf 87' lang='lat' dir='ltr'>fiunt,</span> <span class='ocrx_word' id='word_1_145' title='bbox 1190 2867 1237 2934; x_wconf 88' lang='lat' dir='ltr'>ita</span> <span class='ocrx_word' id='word_1_146' title='bbox 1268 2885 1308 2934; x_wconf 89' lang='lat' dir='ltr'>ut</span> 
     </span>
     <span class='ocr_line' id='line_1_22' title="bbox 186 2983 1307 3076; baseline -0.001 -23"><span class='ocrx_word' id='word_1_147' title='bbox 186 2984 343 3053; x_wconf 87' lang='lat' dir='ltr'>civitatis</span> <span class='ocrx_word' id='word_1_148' title='bbox 366 2983 557 3072; x_wconf 91' lang='lat' dir='ltr'>imperium</span> <span class='ocrx_word' id='word_1_149' title='bbox 575 3006 593 3050; x_wconf 89' lang='lat' dir='ltr'>a</span> <span class='ocrx_word' id='word_1_150' title='bbox 611 2983 777 3073; x_wconf 90' lang='lat' dir='ltr'>pluribus</span> <span class='ocrx_word' id='word_1_151' title='bbox 797 2985 841 3052; x_wconf 94' lang='lat' dir='ltr'>ad</span> <span class='ocrx_word' id='word_1_152' title='bbox 862 3007 974 3052; x_wconf 87' lang='lat' dir='ltr'>unum</span> <span class='ocrx_word' id='word_1_153' title='bbox 993 2988 1045 3053; x_wconf 92' lang='lat' dir='ltr'>vel</span> <span class='ocrx_word' id='word_1_154' title='bbox 1064 2984 1108 3053; x_wconf 91' lang='lat' dir='ltr'>ab</span> <span class='ocrx_word' id='word_1_155' title='bbox 1125 2984 1307 3076; x_wconf 91' lang='lat' dir='ltr'>optimati-</span> 
     </span>
     <span class='ocr_line' id='line_1_23' title="bbox 188 3099 1307 3190; baseline 0 -21"><span class='ocrx_word' id='word_1_156' title='bbox 188 3102 258 3169; x_wconf 92' lang='lat' dir='ltr'>bus</span> <span class='ocrx_word' id='word_1_157' title='bbox 278 3102 321 3169; x_wconf 91' lang='lat' dir='ltr'>ab</span> <span class='ocrx_word' id='word_1_158' title='bbox 338 3099 531 3190; x_wconf 90' lang='lat' dir='ltr'>plebicolas</span> <span class='ocrx_word' id='word_1_159' title='bbox 549 3117 717 3168; x_wconf 90' lang='lat' dir='ltr'>transeat.</span> <span class='ocrx_word' id='word_1_160' title='bbox 737 3102 841 3169; x_wconf 90' lang='lat' dir='ltr'>Tunc</span> <span class='ocrx_word' id='word_1_161' title='bbox 862 3101 957 3168; x_wconf 93' lang='lat' dir='ltr'>enim</span> <span class='ocrx_word' id='word_1_162' title='bbox 983 3101 1087 3169; x_wconf 92' lang='lat' dir='ltr'>multi</span> <span class='ocrx_word' id='word_1_163' title='bbox 1110 3101 1307 3169; x_wconf 87' lang='lat' dir='ltr'>factionum</span> 
     </span>
     <span class='ocr_line' id='line_1_24' title="bbox 193 3216 1307 3308; baseline 0 -23"><span class='ocrx_word' id='word_1_164' title='bbox 193 3217 331 3305; x_wconf 91' lang='lat' dir='ltr'>impetu</span> <span class='ocrx_word' id='word_1_165' title='bbox 372 3216 532 3304; x_wconf 91' lang='lat' dir='ltr'>quodam</span> <span class='ocrx_word' id='word_1_166' title='bbox 571 3233 604 3283; x_wconf 89' lang='lat' dir='ltr'>et</span> <span class='ocrx_word' id='word_1_167' title='bbox 637 3237 755 3284; x_wconf 91' lang='lat' dir='ltr'>errore</span> <span class='ocrx_word' id='word_1_168' title='bbox 785 3217 934 3306; x_wconf 90' lang='lat' dir='ltr'>abrepti,</span> <span class='ocrx_word' id='word_1_169' title='bbox 963 3217 1116 3308; x_wconf 91' lang='lat' dir='ltr'>patriam</span> <span class='ocrx_word' id='word_1_170' title='bbox 1144 3217 1307 3285; x_wconf 85' lang='lat' dir='ltr'>funditus</span> 
     </span>
     <span class='ocr_line' id='line_1_25' title="bbox 185 3332 1307 3424; baseline 0.001 -24"><span class='ocrx_word' id='word_1_171' title='bbox 185 3332 322 3424; x_wconf 89' lang='lat' dir='ltr'>perisse</span> <span class='ocrx_word' id='word_1_172' title='bbox 343 3333 596 3416; x_wconf 82' lang='lat' dir='ltr'>lamentantur,</span> <span class='ocrx_word' id='word_1_173' title='bbox 619 3332 791 3420; x_wconf 92' lang='lat' dir='ltr'>quoniam</span> <span class='ocrx_word' id='word_1_174' title='bbox 824 3356 863 3400; x_wconf 91' lang='lat' dir='ltr'>ea</span> <span class='ocrx_word' id='word_1_175' title='bbox 890 3334 1030 3401; x_wconf 90' lang='lat' dir='ltr'>sublata</span> <span class='ocrx_word' id='word_1_176' title='bbox 1057 3350 1109 3400; x_wconf 87' lang='lat' dir='ltr'>est</span> <span class='ocrx_word' id='word_1_177' title='bbox 1139 3333 1253 3401; x_wconf 83' lang='lat' dir='ltr'>forma</span> <span class='ocrx_word' id='word_1_178' title='bbox 1274 3352 1307 3401; x_wconf 91' lang='lat' dir='ltr'>et</span> 
     </span>
     <span class='ocr_line' id='line_1_26' title="bbox 183 3448 1306 3539; baseline -0.001 -22"><span class='ocrx_word' id='word_1_179' title='bbox 183 3448 397 3517; x_wconf 89' lang='lat' dir='ltr'>constitutio</span> <span class='ocrx_word' id='word_1_180' title='bbox 415 3469 522 3537; x_wconf 91' lang='lat' dir='ltr'>quam</span> <span class='ocrx_word' id='word_1_181' title='bbox 541 3449 655 3516; x_wconf 88' lang='lat' dir='ltr'>solam</span> <span class='ocrx_word' id='word_1_182' title='bbox 671 3448 835 3536; x_wconf 89' lang='lat' dir='ltr'>probant.</span> <span class='ocrx_word' id='word_1_183' title='bbox 846 3449 918 3516; x_wconf 89' lang='lat' dir='ltr'>Alii</span> <span class='ocrx_word' id='word_1_184' title='bbox 940 3471 1023 3516; x_wconf 93' lang='lat' dir='ltr'>vero</span> <span class='ocrx_word' id='word_1_185' title='bbox 1046 3449 1243 3539; x_wconf 91' lang='lat' dir='ltr'>sapientius</span> <span class='ocrx_word' id='word_1_186' title='bbox 1263 3450 1306 3517; x_wconf 91' lang='lat' dir='ltr'>de</span> 
     </span>
     <span class='ocr_line' id='line_1_27' title="bbox 184 3562 1305 3656; baseline 0 -24"><span class='ocrx_word' id='word_1_187' title='bbox 184 3563 300 3656; x_wconf 90' lang='lat' dir='ltr'>patria</span> <span class='ocrx_word' id='word_1_188' title='bbox 318 3562 500 3647; x_wconf 76' lang='lat' dir='ltr'>sentium3</span> <span class='ocrx_word' id='word_1_189' title='bbox 517 3565 677 3653; x_wconf 90' lang='lat' dir='ltr'>dumque</span> <span class='ocrx_word' id='word_1_190' title='bbox 689 3564 859 3632; x_wconf 90' lang='lat' dir='ltr'>amissam</span> <span class='ocrx_word' id='word_1_191' title='bbox 873 3566 1005 3633; x_wconf 91' lang='lat' dir='ltr'>deflent</span> <span class='ocrx_word' id='word_1_192' title='bbox 1023 3565 1120 3633; x_wconf 92' lang='lat' dir='ltr'>illam</span> <span class='ocrx_word' id='word_1_193' title='bbox 1137 3565 1305 3649; x_wconf 86' lang='lat' dir='ltr'>formam,</span> 
     </span>
     <span class='ocr_line' id='line_1_28' title="bbox 182 3679 1306 3772; baseline 0.003 -26"><span class='ocrx_word' id='word_1_194' title='bbox 182 3702 257 3771; x_wconf 91' lang='lat' dir='ltr'>qua</span> <span class='ocrx_word' id='word_1_195' title='bbox 278 3681 352 3747; x_wconf 93' lang='lat' dir='ltr'>sola</span> <span class='ocrx_word' id='word_1_196' title='bbox 370 3680 522 3770; x_wconf 89' lang='lat' dir='ltr'>patriam</span> <span class='ocrx_word' id='word_1_197' title='bbox 539 3679 664 3748; x_wconf 89' lang='lat' dir='ltr'>florere</span> <span class='ocrx_word' id='word_1_198' title='bbox 682 3697 715 3748; x_wconf 91' lang='lat' dir='ltr'>et</span> <span class='ocrx_word' id='word_1_199' title='bbox 733 3680 850 3772; x_wconf 85' lang='lat' dir='ltr'>vigere</span> <span class='ocrx_word' id='word_1_200' title='bbox 881 3682 1087 3771; x_wconf 92' lang='lat' dir='ltr'>opinantur,</span> <span class='ocrx_word' id='word_1_201' title='bbox 1107 3704 1179 3749; x_wconf 95' lang='lat' dir='ltr'>non</span> <span class='ocrx_word' id='word_1_202' title='bbox 1209 3703 1306 3749; x_wconf 94' lang='lat' dir='ltr'>com-</span> 
     </span>
     <span class='ocr_line' id='line_1_29' title="bbox 182 3795 1305 3887; baseline -0.001 -22"><span class='ocrx_word' id='word_1_203' title='bbox 182 3796 336 3865; x_wconf 90' lang='lat' dir='ltr'>mittunt</span> <span class='ocrx_word' id='word_1_204' title='bbox 353 3812 472 3863; x_wconf 90' lang='lat' dir='ltr'>tamen</span> <span class='ocrx_word' id='word_1_205' title='bbox 490 3811 529 3863; x_wconf 92' lang='lat' dir='ltr'>ut</span> <span class='ocrx_word' id='word_1_206' title='bbox 544 3795 805 3864; x_wconf 87' lang='lat' dir='ltr'>obliviscantur</span> <span class='ocrx_word' id='word_1_207' title='bbox 820 3818 962 3887; x_wconf 91' lang='lat' dir='ltr'>semper</span> <span class='ocrx_word' id='word_1_208' title='bbox 985 3797 1137 3887; x_wconf 88' lang='lat' dir='ltr'>patriam</span> <span class='ocrx_word' id='word_1_209' title='bbox 1155 3815 1305 3880; x_wconf 80' lang='lat' dir='ltr'>exstare,</span> 
     </span>
     <span class='ocr_line' id='line_1_30' title="bbox 179 3911 1304 3983; baseline -0.001 -2"><span class='ocrx_word' id='word_1_210' title='bbox 179 3912 267 3982; x_wconf 90' lang='lat' dir='ltr'>licet</span> <span class='ocrx_word' id='word_1_211' title='bbox 297 3929 482 3981; x_wconf 89' lang='lat' dir='ltr'>externum</span> <span class='ocrx_word' id='word_1_212' title='bbox 515 3911 680 3980; x_wconf 91' lang='lat' dir='ltr'>habitum</span> <span class='ocrx_word' id='word_1_213' title='bbox 697 3913 906 3983; x_wconf 89' lang='lat' dir='ltr'>mutaverit.</span> <span class='ocrx_word' id='word_1_214' title='bbox 929 3914 1088 3983; x_wconf 90' lang='lat' dir='ltr'>Patriam</span> <span class='ocrx_word' id='word_1_215' title='bbox 1110 3932 1232 3982; x_wconf 89' lang='lat' dir='ltr'>autem</span> <span class='ocrx_word' id='word_1_216' title='bbox 1249 3912 1304 3981; x_wconf 93' lang='lat' dir='ltr'>in·</span> 
     </span>
    </p>
   </div>
   <div class='ocr_carea' id='block_1_3' title="bbox 220 4147 893 4225">
    <p class='ocr_par' dir='ltr' id='par_1_4' title="bbox 220 4147 893 4225">
     <span class='ocr_line' id='line_1_31' title="bbox 220 4147 893 4225; baseline 0.007 -23"><span class='ocrx_word' id='word_1_217' title='bbox 220 4149 257 4219; x_wconf 79' lang='lat' dir='ltr'>(tl</span> <span class='ocrx_word' id='word_1_218' title='bbox 274 4147 434 4212; x_wconf 83' lang='lat' dir='ltr'>Carm.111‚</span> <span class='ocrx_word' id='word_1_219' title='bbox 453 4149 488 4219; x_wconf 81' lang='lat'>33</span> <span class='ocrx_word' id='word_1_220' title='bbox 505 4148 546 4204; x_wconf 85' lang='lat' dir='ltr'>cf.</span> <span class='ocrx_word' id='word_1_221' title='bbox 566 4168 597 4213; x_wconf 90' lang='lat' dir='ltr'>u,</span> <span class='ocrx_word' id='word_1_222' title='bbox 618 4169 641 4220; x_wconf 91' lang='lat'>1,</span> <span class='ocrx_word' id='word_1_223' title='bbox 655 4150 710 4221; x_wconf 84' lang='lat'>25;</span> <span class='ocrx_word' id='word_1_224' title='bbox 729 4168 767 4221; x_wconf 84' lang='lat' dir='ltr'>iv,</span> <span class='ocrx_word' id='word_1_225' title='bbox 788 4152 817 4206; x_wconf 83' lang='lat'>15</span> <span class='ocrx_word' id='word_1_226' title='bbox 848 4170 893 4225; x_wconf 86' lang='lat'>29·</span> 
     </span>
    </p>
   </div>
   <div class='ocr_carea' id='block_1_4' title="bbox 0 0 1490 5280">
    <p class='ocr_par' dir='ltr' id='par_1_5' title="bbox 0 0 1490 5280">
     <span class='ocr_line' id='line_1_32' title="bbox 0 0 1490 5280; baseline 0 4"><span class='ocrx_word' id='word_1_227' title='bbox 0 0 1490 5280; x_wconf 95' lang='lat' dir='ltr'> </span> 
     </span>
    </p>
   </div>
  </div>
 </body>
</html>
