2954 5084
555 514 765 588 —-1tl—*

698 700 710 729 a
726 693 868 736 utrumne

248 767 368 825 Divitiis
385 767 525 824 homines
540 786 577 824 an
593 767 654 825 sint
673 767 891 838 virtute'beati,

249 856 368 927 Quidve
383 858 421 913 ad
437 856 595 923 amicitias,
613 875 685 914 usus
702 870 870 928 rectumne,
887 857 986 915 trahat
1002 875 1070 928 nos,
1208 914 1210 918 ,
1229 916 1231 920 ,

251 947 292 1002 Et·
304 933 372 1020 quae
385 944 423 1001 sit
438 958 545 1001 natura
560 944 632 1003 boni
648 963 864 1020 summumque
881 945 955 1019 quid
971 947 1037 1020 ejus
1050 946 1099 1020 (r).
1176 967 1179 973 ·

153 1118 207 1186 Ne'
225 1117 260 1185 in
285 1138 322 1185 re
338 1115 494 1185 evidenti
523 1115 673 1206 longum
706 1117 843 1197 faciam,
879 1120 961 1184 uno'
978 1117 1087 1184 verbo
1107 1115 1232 1183 dicam·

103 1235 228 1302 omnia
241 1231 317 1315 e'jus
334 1231 757 1323 studia,omnia'scripta,
777 1238 927 1301 romano
946 1231 1059 1316 more,
1073 1232 1110 1300 in
1132 1230 1228 1301 utili-¹⁸

107 1369 218 1421 tatem
251 1347 469 1440 prominere.
661 1355 693 1361 “’
909 1353 913 1361 ’
1041 1353 1071 1415 ’,
1227 1353 1231 1361 ’

158 1467 210 1535 Ex
244 1488 286 1557 eo
324 1465 405 1549 line,
436 1486 544 1554 quem
577 1464 651 1559 sibix
675 1464 710 1532 in
743 1465 1036 1556 philosophando
1074 1461 1229 1554 Roman-i

107 1582 381 1663 constituerant,
410 1580 627 1670 sequebatur
651 1597 690 1648 ut
715 1580 836 1650 minus
868 1598 973 1649 certae
994 1579 1230 1671 philosopho-

108 1721 191 1769 rum
213 1696 412 1788 disciplinae
429 1696 664 1779 adhaererent,
690 1720 798 1786 quarn
812 1719 853 1765 ex
869 1719 1086 1787 unaquaque
1101 1697 1229 1786 depro-

21 1854 26 1863 ·
109 1824 248 1883 merent
265 1811 438 1903 quicquid
455 1812 499 1905 ad
513 1834 632 1880 mores
650 1814 872 1881 ordinandos
891 1814 1117 1882 conduceret.
1132 1811 1231 1879 lnde

108 1930 311 1999 factumest
330 1946 368 1996 ut
390 1930 517 1996 Romae
532 1927 589 1995 vix
616 1927 705 1996 alios
738 1929 975 2019 philosophos
1010 1927 1231 2020 reperiamus

111 2058 222 2136 quarn
237 2067 329 2135 quos
348 2062 474 2112 vocant
491 2050 682 2126 ἑκλεκτικούς.
701 2045 747 2114 Et
774 2067 857 2113 vero
876 2067 1032 2114 romanae
1057 2043 1170 2112 indoli
1187 2042 1231 2111 ad

112 2162 204 2231 hanc
222 2160 501 2251 philosophandi
527 2160 622 2228 viam
641 2161 925 2251 promptissimae
956 2161 1089 2229 mirum
1118 2181 1231 2248 quan·

113 2296 191 2347 tum
213 2277 301 2344 illud
317 2275 463 2360 sav'era't,
483 2277 594 2364 quod
610 2277 645 2344 in
674 2277 812 2347 Urbem
844 2287 993 2346 vacuam
1023 2277 1232 2346 Graecorum

113 2393 326 2485 disciplinae,
345 2415 417 2461 non
441 2392 604 2482 singulte,
632 2392 699 2462 alia
720 2410 801 2483 post
826 2393 944 2477 aliam,
964 2393 1232 2484 subrepserant,

114 2510 177 2578 sed
191 2532 317 2578 omnes
333 2532 442 2599 prope
453 2509 561 2577 simul
574 2509 832 2578 confluxerant.
845 2511 1065 2578 Futurorum
1077 2529 1233 2577 romanae

117 2624 355 2716 philosophiae
372 2625 528 2693 fatorum
539 2625 657 2715 imago
668 2626 833 2714 quaedam
849 2624 1049 2716 praenuntia
1078 2625 1153 2692 visa
1168 2642 1233 2707 est,

116 2764 200 2810 cum
238 2741 363 2809 eadem
393 2739 450 2808 die
467 2740 690 2810 Carneadem
729 2743 997 2825 Academicum,
1031 2739 1235 2812 Critolaum

118 2857 411 2947 Peripateticum,
456 2855 691 2946 Stoicumque
740 2856 941 2947 Diogenem
995 2857 1235 2946 disceptantes

120 2975 235 3042 Roma
250 2970 364 3040 audiit
379 2997 388 3057 3
404 2971 452 3040 ita
465 2977 585 3062 plures
600 2973 735 3074 olim-in
754 2974 881 3042 eodem
896 2975 1070 3064 scriptore
1086 2995 1236 3041 romano

119 3089 286 3159 auditura
303 3105 389 3157 erat.
410 3093 443 3157 A
460 3089 585 3179 primis
607 3089 679 3157 illis
696 3089 845 3158 excitata
870 3089 1094 3170 doctoribus,
1113 3089 1236 3176 juven·

121 3225 178 3275 tus
193 3205 292 3273 omni
312 3204 347 3272 in
358 3204 627 3295 philosophiam
645 3204 775 3274 exarsit
788 3205 908 3273 studio
922 3226 930 3289 ;
950 3205 1126 3295 plurimos
1137 3204 1235 3272 domi

121 3319 246 3389 habuit
264 3318 455 3410 magistros
471 3343 488 3387 e
505 3319 644 3389 Graecia
667 3318 812 3403 accitos,
830 3338 864 3388 et
892 3320 970 3411 ipsa
997 3321 1172 3403 Athenas,
1193 3319 1237 3387 ad

121 3436 320 3505 audiendos
351 3434 664 3526 praeclarissimos,
696 3436 911 3507 ventitavit:
935 3437 997 3505 sed
1035 3439 1161 3506 Romae
1200 3452 1240 3504 ut

121 3552 275 3622 Athenis
295 3551 470 3641 cujusque
501 3552 645 3622 familiae
678 3536 886 3642 philosophi
920 3553 1027 3623 simul
1049 3554 1237 3623 docebant.

124 3669 218 3739 Cum
242 3668 350 3758 igitur
379 3668 580 3759 disciplinae
605 3691 731 3737 omnes
760 3668 964 3758 promiscue
990 3690 1036 3754 et,
1054 3687 1093 3737 ut
1114 3670 1162 3738 ita
1187 3670 1241 3737 di·

124 3805 216 3868 cam,
239 3784 473 3852 tumultuarie
504 3785 659 3852 Romam
685 3784 914 3873 irrupissent,
935 3807 1006 3853 non
1031 3803 1083 3853 est
1108 3786 1241 3854 mirum
1279 3874 1281 3878 ι

124 3900 154 3968 si
168 3899 297 3992 eligere
313 3915 549 3970 assueverunt
564 3901 662 3990 quod
683 3900 866 3991 optimum
885 3922 1037 3992 quaeque
1056 3902 1098 3970 ad
1125 3886 1243 3970 mores

164 4153 203 4223 (1)
223 4150 443 4222 Srt't.1i,b,73.
