2954 5084
656 527 700 539 ..
724 489 771 574 64
793 528 837 540 .-

187 629 306 698 tacius
325 646 463 698 avocet.
488 629 582 720 Quis
598 630 634 699 id
652 649 767 722 neget,
792 631 849 700 his
868 631 1002 701 auditis
1020 630 1188 701 versibus
1209 633 1317 703 omni.

186 744 316 835 pietate
333 746 471 835 plenis?
1105 769 1108 774 ·

384 889 504 962 -Nuper
518 888 682 946 sollicitum
697 907 766 963 quae
785 889 860 947 mihi
880 889 1017 958 taedium,

399 989 488 1043 Nunc
500 987 695 1055 desiderium,
711 1005 844 1062 curaque
858 1006 920 1046 non
936 987 1011 1046 levis
1025 989 1101 1060 (1)...

231 1141 328 1209 Dum
342 1140 438 1209 anxii
455 1140 549 1210 cives
564 1159 767 1232 exspectant
781 1164 854 1232 quo
870 1164 907 1210 se
924 1142 1051 1210 Rornae
1067 1141 1216 1210 fortuna
1229 1163 1308 1211 ver·
1363 1175 1366 1184 π

185 1272 249 1340 tat,
284 1273 430 1347 repente
457 1258 645 1326 nuntiatur
676 1258 724 1327 ita
750 1259 794 1326 ad
822 1257 970 1328 Actium
1005 1278 1201 1348 oppressas
1231 1280 1309 1326 esse

183 1372 409 1441 Antonianas
431 1372 564 1464 copias,
591 1389 630 1441 ut
657 1373 788 1466 partim
811 1376 855 1443 ad
883 1373 1066 1444 Caesarem
1095 1373 1308 1458 defecerint,

183 1488 316 1578 partim
337 1511 420 1557 cum
441 1511 507 1557 suo
529 1490 618 1558 duce
645 1491 796 1558 salutem
826 1489 909 1580 fuga
925 1491 1109 1580 petierint.
1131 1488 1267 1561 Statim
1289 1512 1310 1558 a

183 1621 281 1673 metu
301 1606 515 1695 respiratum
535 1624 602 1690 est,
622 1606 884 1696 Horatiusque,
898 1607 1052 1696 publicae
1069 1605 1206 1675 laetitiae
1231 1629 1312 1697 par·

184 1719 309 1810 ticeps,
334 1721 436 1790 illum
461 1722 618 1812 epodum
642 1722 868 1813 conscripsit,
895 1744 968 1812 quo
986 1721 1173 1791 Maecenati
1192 1722 1310 1792 victo-

183 1835 273 1904 riam
293 1836 451 1929 opiparis
471 1837 587 1928 epulis
603 1839 854 1907 celebrandam
879 1839 1006 1907 suadet
1026 1840 1083 1930 (2).
1105 1838 1203 1908 Illud
1219 1861 1309 1908 vero

183 1953 219 2020 in
236 1976 278 2022 eo
295 1936 655 2023 animadvertendum
670 1973 736 2038 est,
753 1955 863 2045 quod,
887 1971 927 2022 ut
941 1955 1075 2024 ferebat
1089 1954 1306 2022 archilochii

182 2070 1307 2162 carminisnatura,sensusquepoetae,primovictoriaenuntio,

181 2208 308 2277 parum
324 2187 379 2254 sui
391 2187 582 2278 compotis,
593 2210 665 2256 non
680 2189 788 2256 modo
800 2188 972 2256 victorem
989 2210 1096 2278 supra
1112 2186 1306 2278 Scipiones

181 2320 215 2373 et
230 2303 365 2372 Marios
384 2304 532 2389 extollit,
550 2306 612 2373 sed
629 2304 766 2372 victum
791 2304 898 2373 etiarn
922 2304 1022 2373 omni
1052 2305 1304 2398 indignatione

181 2419 332 2489 obruere
348 2419 490 2490 videtur
506 2441 513 2489 :

429 2556 593 2624 Romanus,
610 2555 687 2610 eheu
703 2555 711 2611 1
728 2555 842 2628 posteri
867 2555 1027 2628 negabitis,

536 2643 753 2715 Emancipatus
769 2643 900 2714 feminae,

427 2733 498 2790 Fert
512 2733 624 2790 vallum
640 2746 668 2789 et
685 2750 768 2789 arma
783 2733 880 2804 miles,
900 2745 929 2791 et
944 2733 1132 2808 spadonibus

534 2821 654 2879 Servire
667 2821 786 2896 rugosis
801 2834 919 2896 potest:

426 2911 567 2983 Interque
583 2909 666 2983 signa
682 2923 770 2984 turpe
787 2910 929 2967 militaria

473 3032 475 3036 ·
532 2999 586 3057 Sol
603 2999 733 3074 adspicit
749 2999 926 3074 conopium.

177 3155 287 3247 Quod
299 3156 436 3227 foedum
456 3155 629 3226 Romanis
646 3157 890 3245 spectaculum
907 3177 949 3224 eo
964 3178 1080 3246 usque
1093 3173 1297 3248 exaggerat,

175 3290 214 3342 ut
231 3272 423 3343 contendat
439 3272 692 3362 Gallograecos,
713 3271 775 3360 qui
793 3272 837 3340 ab
860 3272 1021 3341 Antonio
1047 3272 1200 3352 stabant,
1221 3273 1297 3341 sola

210 3517 250 3590 lt)
265 3517 371 3576 Carm.
388 3536 407 3588 1,
428 3535 471 3589 14,
491 3536 538 3591 17.
555 3550 588 3561 -
602 3517 687 3576 Licet
702 3518 787 3574 nullo
802 3531 980 3591 argumento
990 3517 1144 3574 evincatur
1155 3518 1296 3576 odarium

174 3602 251 3657 illud
267 3620 347 3658 anno
366 3603 421 3675 723
438 3603 584 3676 scriptum
603 3603 708 3674 fuisse,
724 3616 826 3659 tamen
840 3604 877 3659 ad
892 3621 959 3658 earn
981 3602 1171 3676 opinionem,
1187 3615 1296 3677 utpote

175 3689 270 3762 magis
286 3689 486 3765 probabilem,
503 3689 686 3760 accedimus,
703 3708 772 3746 cum
788 3693 1019 3766 Krncnuaalop.
1035 3709 1061 3747 c.
1079 3709 1108 3764 p.
1125 3691 1186 3762 aa),
1203 3692 1297 3748 Mrrs·

174 3795 337 3845 cannuca,
356 3780 427 3848 Fut,
438 3780 515 3848 laur,
532 3779 649 3836 Onnum
663 3794 691 3836 et
707 3779 926 3837 Wrucrrauana
937 3781 1033 3847 (Hist.
1045 3781 1081 3836 de
1095 3780 1125 3835 la
1139 3781 1187 3837 vie
1200 3792 1230 3837 et
1244 3782 1296 3838 des

173 3864 261 3919 e'crits
276 3864 439 3930 d'Horace,
458 3865 477 3920 l.
494 3866 531 3935 V,
545 3864 616 3938 xvi).
638 3865 751 3938 Utique
767 3879 897 3938 constat,
913 3865 1095 3937 Quintiliani
1111 3866 1294 3924 auctoritate

174 3954 257 4026 (Inst.
275 3971 319 4009 or.
335 3971 396 4024 vm,
409 3954 436 4024 6,
454 3955 504 4026 44)
517 3954 558 4010 ibi
572 3953 733 4027 allegorice
746 3953 909 4011 Horatium
921 3954 1017 4028 loqui,
1029 3967 1058 4011 et
1069 3954 1199 4028 proinde
1215 3954 1294 4012 illud

173 4058 294 4098 carmen
309 4042 346 4098 de
363 4041 449 4098 bellis
464 4042 605 4100 civilibus
622 4041 834 4115 accipiendum
849 4061 921 4100 esse.

207 4133 246 4204 (2)
267 4131 364 4207 Epod,
382 4150 407 4203 9.
