2970 5280
594 515 770 594 ..83-

125 659 312 748 distantes,
328 684 473 755 unoque
498 664 599 755 quasi
625 665 757 734 intuitu
779 665 997 734 foedissimas
1014 661 1243 744 Triumviro-

125 802 206 848 rum
222 781 504 872 proscriptiones
529 800 562 850 et
591 781 770 872 Principis
797 782 990 873 imperium
1012 782 1244 874 tantosavore

125 915 313 986 exceptum
326 916 525 982 cernentes,
540 899 715 967 miramur
729 889 927 966 admodum
944 899 1042 990 quod
1054 915 1128 968 tam
1144 897 1244 966 lacile

126 1013 281 1081 Romani
317 1015 352 1082 in
382 1015 537 1106 Augusti
559 1015 710 1106 gratiam
739 1015 978 1085 Octavianum
1001 1015 1243 1096 absolverint3

126 1130 188 1197 sed
205 1147 444 1221 praeterquam
471 1132 568 1220 quod
594 1132 771 1220 ejusmodi
804 1132 975 1201 miracula
1006 1155 1075 1200 non
1094 1131 1244 1199 omnino

125 1247 1245 1339 posthacdelueruntquaeRomanoruminconstantiamexpli·

124 1381 260 1448 carent,
278 1387 321 1432 ne
344 1364 601 1434 obliviscamur
629 1350 706 1434 earn
735 1366 779 1433 ab
800 1368 966 1457 Augusto
998 1365 1033 1433 in
1063 1365 1246 1456 regnando

56 1527 61 1537 ·
125 1479 357 1564 modestiam,
371 1504 430 1549 eas
447 1481 482 1549 in
501 1481 683 1550 edicendis
702 1482 839 1573 legibus
852 1481 1031 1550 adhibitas
1044 1500 1137 1550 artes
1154 1503 1244 1563 esse,

125 1617 208 1686 quae
227 1599 285 1665 vix
300 1599 395 1689 apud
412 1598 526 1688 ipsius
544 1597 743 1667 imitatores
756 1616 905 1689 repertae
924 1591 1007 1666 sint.
1027 1599 1152 1669 Unum
1173 1595 1246 1663 suf-

124 1712 248 1782 fecerit
266 1735 489 1783 memorare:
506 1733 587 1806 post
604 1715 775 1785 actiacam
793 1715 992 1799 victoriam,
1009 1737 1091 1782 cum
1106 1731 1246 1782 sextum

126 1832 253 1899 consul
275 1831 508 1899 denuntiatus
533 1850 639 1916 esset,
659 1832 747 1900 nihil
776 1831 889 1922 magis
921 1832 964 1899 ad
982 1831 1245 1921 praeteritorum

127 1947 303 2015 scelerum
316 1947 536 2017 oblivionem
555 1949 784 2039 profuturum
799 1948 983 2034 intellexit,
1000 1969 1108 2037 quam
1125 1947 1153 2013 si
1171 1946 1246 2037 ipse

128 2064 271 2154 publice
290 2063 349 2132 illa
366 2064 502 2152 ejurare
522 2064 722 2150 videretur3
741 2087 821 2155 quae
838 2064 948 2156 igitur
966 2065 1000 2132 in
1019 2062 1247 2133 triumviratu

127 2180 260 2269 injuste
276 2180 1061 2271 etiniqueconstitutasuerunt,unicoedicto
1076 2179 1249 2247 eaontnia

127 2296 329 2387 antiquavit
341 2296 398 2389 (r).
418 2299 545 2388 Neque
559 2321 613 2366 res
624 2298 779 2388 Augusti
795 2321 894 2388 spem
908 2297 1051 2382 fefellit·,
1072 2295 1248 2388 praeterita

128 2412 307 2498 oblivisci,
326 2431 506 2504 postrema
524 2414 734 2482 meminisse
748 2414 902 2483 Romani
916 2413 1132 2497 didicerunt,
1146 2411 1247 2502 quasi

129 2528 221 2598 nihil
244 2530 402 2620 Principi
428 2554 510 2600 cum
534 2530 743 2599 Triumviro
763 2530 912 2615 luisset,
935 2529 1022 2620 quid
1046 2528 1194 2612 mirum,
1219 2527 1248 2594 si

128 2664 233 2736 poeta
253 2646 387 2715 sensim
404 2646 440 2715 in
461 2669 692 2716 communem
708 2669 866 2716 errorem
881 2648 1048 2737 delapsus
1065 2647 1142 2714 est?

177 2763 358 2848 Ceterum,
386 2787 473 2832 num
490 2787 652 2854 unquam
669 2765 854 2848 Horatius,
876 2765 929 2832 vel
947 2785 1029 2832 cum
1050 2763 1120 2849 jam
1138 2761 1249 2852 gratia

130 2881 225 2970 apud
256 2883 460 2971 Augustum
490 2881 643 2965 floreret,
678 2880 766 2949 adeo
798 2902 955 2948 romanae
987 2879 1172 2970 dignitatis
1197 2893 1251 2947 est

131 2996 281 3078 oblitus,
299 3013 338 3065 ut
355 3020 415 3065 eos
427 2996 645 3087 quibuscum
666 2998 709 3064 ad
725 2996 915 3086 Philippos
933 3012 1152 3085 pugnaverat
1171 3016 1251 3062 eru·

131 3112 304 3197 besceret,
321 3113 513 3203 liberaeque
529 3113 576 3181 rei
595 3112 748 3204 publicae
764 3130 881 3203 partes
899 3135 966 3180 ase
977 3112 1162 3202 quondam
1173 3133 1252 3177 sus-

132 3247 267 3317 ceptae,
283 3229 384 3318 quasi
418 3252 500 3298 reus
533 3231 575 3298 ad
609 3228 855 3320 paenitentiam
890 3229 1049 3313 adactus,
1071 3227 1252 3316 ejuraret?

133 3345 177 3413 ld
207 3368 364 3414 asserere
391 3345 468 3413 ausi
500 3365 583 3414 sunt
613 3346 674 3436 qui
710 3345 949 3413 inconsultius
972 3366 1080 3434 quam
1110 3342 1252 3411 criticos

132 3461 236 3530 decet
252 3460 403 3530 facetam
431 3461 523 3553 fugae
548 3461 811 3530 consessionem
829 3479 862 3529 et
882 3461 970 3529 illud
1000 3459 1104 3528 toties
1125 3461 1253 3527 decan·

132 3594 286 3647 tatum«
306 3578 426 3646 relicta
453 3601 525 3646 non
551 3579 640 3647 bene
666 3579 863 3668 parmula»
884 3578 920 3645 in
936 3576 1094 3645 deterius
1111 3598 1253 3664 accepe·

133 3711 221 3764 runt
236 3697 293 3783 (2).
310 3693 378 3765 Sed
399 3695 612 3783 jamdudum
638 3719 656 3764 a
680 3694 900 3763 doctissimis
923 3693 1009 3762 viris
1035 3693 1179 3784 explosa
1202 3709 1254 3759 est

172 3975 422 4049 (1)D10.Cass.,
441 3995 501 4048 mu,
520 3997 546 4033 2.

171 4070 210 4141 la)
235 4067 273 4137 ll,
290 4085 319 4140 7,
333 4085 361 4140 9.
379 4099 412 4108 -
431 4067 545 4132 Bantia,
566 4083 615 4142 op.
640 4084 677 4132 c.‚
698 4084 727 4138 p.
754 4082 819 4138 299,
845 4063 1008 4120 Horatium
1031 4061 1129 4135 arguit
1155 4059 1256 4133 lugam

130 4156 300 4216 mentitum
316 4173 382 4213 esse
398 4169 431 4214 ut
451 4155 601 4230 exquisita
617 4154 791 4212 assentandi
818 4153 934 4210 ratione
956 4150 1132 4210 Maecenatis
1148 4162 1176 4206 et
1198 4151 1257 4206 Au·
