2970 5280
647 537 690 548 ..
717 519 754 590 71
785 533 829 551 .-

180 642 236 710 vel
271 664 353 710 cum
389 645 554 731 Augusto
587 642 786 730 gratulatur
814 660 951 712 veteres
984 662 1165 712 revocatas
1194 663 1304 730 aiter,

403 786 461 840 Per
476 802 551 858 quas
570 785 712 840 Latinum
729 802 841 841 nomen
858 798 886 841 et
903 785 984 841 Italae

343 937 345 943 .
401 883 530 940 Crevere
546 882 624 940 vires
639 885 779 956 lamaque
800 896 829 940 et
844 883 953 957 imperi

470 983 615 1038 Porrecta
632 983 773 1057 majestas
789 982 827 1038 ad
843 995 943 1038 ortum

514 1079 596 1136 Solis
612 1078 649 1136 ab
666 1080 817 1154 Hesperio
835 1078 952 1150 cubili(
973 1082 993 1151 l.

227 1250 323 1319 Hinc
352 1250 441 1319 illud
464 1267 516 1318 est
540 1250 638 1340 quod
661 1250 848 1334 Horatius,
873 1251 1054 1319 natalibus
1075 1249 1304 1341 provincialis

181 1367 308 1451 homo,
325 1366 405 1435 licet
421 1366 531 1457 priori
547 1367 669 1458 patriae
695 1367 805 1456 justas
828 1368 1010 1457 persolvat
1035 1384 1164 1458 grates,
1186 1384 1304 1437 tamen

125 1563 127 1566 .
180 1482 350 1572 superbia
379 1482 495 1552 efferri
518 1482 671 1567 videtur,
697 1482 869 1573 quoniam
900 1485 1028 1564 Roma,
1055 1482 1219 1575 princeps
1245 1506 1304 1552 ur-

182 1599 297 1684 bium,
317 1599 547 1668 Venusinum
564 1598 731 1690 dignatur
746 1599 839 1668 inter
852 1599 1025 1669 amabiles
1037 1617 1160 1668 vatum
1176 1600 1304 1668 choros

180 1738 314 1804 ponere
337 1718 403 1804 (ης
422 1738 538 1806 neque
556 1717 667 1784 ullam
685 1715 862 1807 potiorem
876 1715 1028 1808 gloriam
1043 1734 1177 1800 censet,
1195 1739 1304 1806 quam

181 1833 280 1920 quod
300 1831 347 1899 ibi
365 1833 712 1923 monstraturdigito
727 1833 1021 1923 praetereuntium
1035 1832 1209 1901 Romanae
1230 1833 1304 1901 fidi·

181 1970 247 2015 cen
276 1949 370 2038 lyrae.
412 1950 543 2018 Nonne
573 1973 612 2017 ea
643 1949 755 2017 estin
786 1948 906 2039 lyricis
933 1948 1052 2016 Flacci
1083 1948 1304 2017 carminibus

181 2063 297 2154 patria
313 2087 423 2154 quam
434 2065 578 2133 Tullius
591 2064 707 2156 effingi
721 2065 860 2133 dicebat
872 2088 914 2133 ex
924 2082 998 2134 arta
1010 2065 1165 2154 quadam
1179 2067 1304 2134 Romae

181 2201 267 2247 curn
284 2180 416 2248 Italicis
436 2181 633 2270 provinciis
645 2180 920 2268 conjunctione?
936 2180 1057 2269 Quam
1068 2180 1216 2270 quidem
1234 2181 1304 2269 jam

180 2295 369 2366 Ciceronis
386 2313 488 2365 aetate
505 2297 698 2388 inceptam,
717 2296 870 2387 Augusti
889 2296 1115 2387 temporibus
1133 2319 1304 2365 consum-

180 2429 316 2481 matam
342 2413 521 2497 videmus‚
544 2414 670 2498 donec,
698 2413 839 2481 civitate
870 2413 1024 2482 externis
1056 2413 1199 2504 populis
1225 2435 1303 2503 pro·

180 2530 318 2597 miscue
336 2530 429 2612 data,
454 2530 511 2597 vix
536 2530 632 2597 ullus
651 2529 773 2620 patriae
799 2531 834 2597 in
851 2529 983 2597 animis
1007 2528 1174 2621 proprius
1197 2529 1303 2598 relin-

179 2662 314 2736 quatur
330 2648 441 2714 locus.
489 2731 494 2739 Ι

214 2891 258 2958 (r)
276 2887 384 2943 Carm.
400 2905 440 2957 rr,
456 2887 499 2958 15,
520 2889 561 2945 13.

216 2978 256 3047 (a)
271 2976 429 3048 Carm.rv‚
446 2976 473 3040 3,
494 2977 524 3031 13
544 2994 628 3050 seqq.
690 3012 694 3021 -
