2970 5280
175 638 235 705 sed
252 653 332 706 ante
347 635 496 727 legentis
509 637 632 704 oculos
648 634 804 726 assurgit
815 632 960 706 Soracte
983 633 1064 703 nive
1084 633 1294 716 candidum,

175 754 211 822 in
229 775 351 821 mensa
378 753 565 843 reponitur
589 750 713 819 sabina
738 751 846 819 diota.
874 751 989 818 Multa
1015 749 1082 819 alia
1101 767 1184 819 sunt
1200 749 1297 837 ejus-

176 870 274 938 modi
300 870 457 938 carmina
479 891 559 960 quae
578 884 681 958 poeta
696 866 949 937 exorditurab
979 866 1111 958 insigni
1137 867 1297 957 quadam

176 986 365 1070 sententia,
396 1003 434 1054 ut
461 985 505 1054 ab
532 986 666 1069 Alcae0,
684 984 732 1052 ita
761 1008 780 1051 a
813 982 1024 1075 Sapphone,
1055 983 1212 1051 Pindaro
1241 982 1295 1050 vel

178 1101 256 1169 aliis
275 1102 478 1192 desumpta,
495 1101 590 1168 unde
604 1101 647 1168 ad
667 1122 722 1168 res
740 1116 933 1188 praesentes
950 1117 983 1167 et
1001 1121 1168 1167 romanas
1181 1114 1298 1166 trans-

178 1236 232 1286 eat
249 1219 305 1305 (1).
338 1219 420 1286 Jarn
440 1239 524 1284 vero
546 1239 720 1306 quorsum
736 1215 910 1307 pertinuit
927 1237 1006 1284 mos
1022 1214 1081 1283 ille
1095 1212 1298 1283 carminum

180 1332 283 1434 initia
300 1357 318 1400 a
333 1333 452 1422 lyricis
469 1332 605 1402 Graecis
636 1331 851 1422 repetendi?
873 1330 909 1401 Si
943 1330 1090 1420 quidem
1122 1330 1299 1421 integram

106 1462 109 1468 ’
178 1448 338 1539 aliquam
354 1447 568 1518 sententiam
584 1450 629 1517 ad
642 1448 793 1516 verbum
810 1447 928 1532 refert,
950 1469 1021 1514 non
1038 1446 1205 1536 estquod
1224 1447 1301 1514 Ho-

179 1567 270 1636 ratio
283 1568 406 1634 deesse
419 1567 521 1636 illurn
539 1565 673 1657 ingenii
690 1567 850 1655 vigorem
867 1563 1043 1650 dicamus,
1062 1587 1133 1654 quo
1145 1563 1301 1633 aliorum

180 1702 345 1752 naturam
375 1682 532 1766 imitans,
545 1704 647 1750 suam
659 1700 775 1750 servet
792 1707 799 1767 3
815 1683 901 1750 satis
913 1681 1068 1772 ingenue
1084 1679 1302 1770 exemplaria

180 1816 329 1868 tractare
346 1798 476 1890 potuit,
496 1798 557 1887 qui
576 1799 745 1888 Sapphus
769 1798 1038 1866 celeberrimam
1055 1797 1241 1885 stropham
1258 1796 1301 1864 de

180 1917 381 1984 amantium
397 1915 584 1984 doloribus
602 1915 648 1982 ita
665 1915 841 2004 expressit
853 1931 892 1982 ut
912 1915 970 1982 vix
990 1914 1183 1986 verborum
1200 1911 1302 1981 sirni-

114 2020 119 2030 ’
181 2033 373 2101 litudinem
391 2032 656 2122 deprehendere
675 2029 777 2099 liceat
792 2032 849 2118 (2).
864 2029 936 2098 Alii
953 2031 1078 2099 dicunt
1097 2029 1131 2097 id
1150 2029 1303 2098 Horatio

182 2139 410 2229 propositum
431 2134 562 2221 fuisse,
572 2155 612 2206 ut
629 2136 753 2229 graecis
771 2136 841 2204 illis
862 2136 1050 2205 sententiis
1072 2159 1176 2204 suam
1189 2154 1304 2205 artem

183 2255 434 2346 comprobaret
452 2254 639 2322 Maecenati
658 2254 798 2320 «docto
820 2275 1004 2321 sermones
1028 2253 1215 2343 utriusque
1233 2251 1304 2320 lin·

183 2391 290 2462 guae»
304 2372 365 2457 (3),
382 2368 441 2438 alii
459 2370 615 2438 voluisse
632 2391 714 2437 eum
729 2370 918 2437 ostendere
932 2391 1042 2458 quam
1058 2369 1171 2460 perite
1188 2389 1305 2458 graeco

184 2486 328 2554 stamini
358 2507 548 2554 romanum
570 2485 759 2553 subtemen
786 2485 958 2553 intexeret
972 2485 1032 2576 (4).
1053 2484 1240 2575 Quicquid
1269 2485 1305 2553 id

182 2620 247 2686 est,
271 2602 423 2671 libenter
438 2601 652 2670 crediderim
671 2600 879 2684 Horatium,
899 2623 982 2668 cum
1009 2622 1150 2668 carmen
1181 2622 1307 2691 aggre-

184 2719 339 2804 deretur,
359 2717 548 2808 diligenter
563 2719 744 2807 exemplar
762 2717 990 2801 meditatum,
1004 2717 1182 2809 egregiam
1199 2717 1244 2785 ab
1263 2739 1307 2786 eo

184 2835 314 2926 petisse
338 2834 552 2902 sententiam
580 2836 675 2903 unde
705 2833 854 2923 spiritus
875 2832 1135 2923 conciperetur,
1161 2833 1308 2925 animus

185 2951 425 3035 incalesceret,
441 2940 881 3040 impetusquesumeretur
891 2949 935 3018 ad
950 2949 1308 3038 scribendum.Quid

185 3066 282 3135 enim
296 3084 380 3135 sunt
398 3065 465 3134 ista
485 3066 642 3150 exordia,
664 3066 732 3134 nisi
748 3064 975 3157 prolusiones
993 3067 1005 3134 i
1023 3068 1153 3135 Nonne
1175 3064 1310 3134 Pinda-

185 3203 245 3249 rus
275 3198 504 3272 praeceperat,
533 3199 571 3249 ut
602 3182 700 3273 operi
731 3182 830 3250 frons
847 3198 1121 3272 praestrueretur
1134 3203 1214 3272 quae
1236 3183 1309 3253 late

186 3297 486 3390 splenderet?(5).

221 3511 260 3580 (1)
281 3508 387 3575 Carm.
416 3528 435 3574 1,
457 3527 481 3579 1,
502 3509 527 3576 3,
542 3528 571 3582 9,
594 3527 702 3581 12,14,
727 3528 769 3583 19,
786 3511 833 3577 23,
853 3509 898 3580 30,
916 3511 961 3576 31,
985 3512 1031 3581 32,
1046 3512 1096 3580 343
1118 3541 1151 3552 -
1171 3528 1202 3576 ιι,
1224 3531 1247 3582 1,
1265 3533 1310 3584 a,

188 3599 213 3670 3,
235 3598 279 3668 18,
296 3616 346 3662 203
367 3629 401 3638 -
419 3616 462 3666 111,
483 3617 506 3668 1,
524 3616 551 3669 2,
566 3616 595 3670 4,
612 3600 640 3665 6,
656 3618 700 3670 11,
723 3616 767 3669 12,
791 3600 834 3668 18,
851 3601 897 3662 25,
922 3599 973 3671 303
994 3631 1027 3641 -
1047 3618 1085 3670 1v,
1104 3599 1173 3672 3,7,
1188 3587 1215 3657 8.

223 3689 261 3758 (a)
282 3685 388 3742 Carm.
404 3704 424 3757 1,
445 3688 488 3754 13,
508 3687 532 3743 5.

222 3774 260 3846 (3)
281 3774 390 3831 Carm.
411 3793 452 3846 111,
467 3775 495 3846 8,
513 3775 538 3832 5.

223 3865 261 3935 (4)
282 3863 327 3920 Cl.
345 3863 461 3930 Grata,
476 3881 523 3938 op.
540 3883 565 3920 c.
582 3865 711 3938 passim;
726 3865 763 3924 cf.
780 3866 906 3937 Musam,
921 3868 992 3924 Var.
1009 3866 1085 3936 lect,
1102 3866 1159 3924 lib.
1180 3868 1218 3938 ll,
1229 3868 1306 3940 cap.

130 3978 132 3982 ⁴
186 3970 246 4009 111:
264 3973 277 4004 (ι
296 3953 383 4025 Saepe
407 3953 512 4017 monui
540 3953 665 4010 solitum
690 3953 863 4022 Horatium,
884 3955 1086 4029 inspergenda
1103 3955 1224 4028 scriptis
1244 3956 1310 4015 suis

186 4039 350 4114 graecitate,
368 4041 459 4098 salem
476 4041 519 4098 eis
534 4060 568 4098 ac
581 4059 723 4100 venerem
739 4060 887 4116 quaerere.
905 4066 918 4096 >1

221 4130 262 4205 (5)
278 4129 401 4208 Olymp.
424 4150 462 4203 lv,
480 4133 543 4185 m
563 4153 576 4184 11
590 4132 729 4204 Ἀρχομὲνου
746 4133 833 4204 δέῃου
847 4134 964 4204 πρόσωπον
978 4137 1024 4204 xpm*
1043 4135 1109 4199 θέμεν
1127 4135 1250 4199 τηλαυγές,
