2970 5280
648 545 692 560 ...-
716 525 764 598 94
786 544 828 559 ..-

180 648 384 721 Maecenatis
396 674 511 744 prcce,
522 655 575 725 vel
588 655 695 724 etiam
709 656 862 746 Augusti
879 655 978 742 jussu
996 648 1211 743 injungitur,
1225 667 1308 720 tunt

179 768 288 837 etiam
303 792 373 839 non
389 770 498 839 semel
515 771 656 840 videtur
669 791 772 863 poeta
790 795 882 864 opus
901 772 994 840 ultra
1010 771 1125 861 legem
1137 771 1306 854 tendere,

179 907 376 975 vocemque
396 885 519 955 inllare
552 905 590 956 ut
623 888 657 955 in
688 887 804 974 majus
834 905 960 954 cuncta
990 887 1144 954 extollat.
1164 885 1308 955 Utrum

181 1001 406 1092 igiturpoeta
438 1003 541 1072 aliter
572 1005 712 1073 locutus
743 1023 795 1073 est
831 1026 870 1072 ac
910 1004 1086 1071 sentiebat
1117 1001 1222 1086 civis,
1259 1024 1307 1068 an

179 1120 297 1187 solum
319 1121 457 1211 poetico
487 1121 672 1189 mendacio
692 1144 795 1189 veros
820 1121 932 1189 animi
957 1143 1083 1188 sensus
1111 1140 1306 1209 exaggera·

179 1235 256 1303 vit?
279 1237 332 1304 Ex
357 1236 400 1305 iis
426 1259 505 1326 quae
534 1237 699 1327 superius
732 1237 996 1330 disputavimus
1024 1251 1176 1316 constat,
1218 1253 1307 1324 post

179 1353 347 1421 actiacam
365 1376 533 1444 pugnam,
552 1371 689 1422 tantam
707 1354 741 1422 in
757 1356 1009 1423 Romanorum
1025 1350 1306 1421 animisfactam

180 1492 256 1538 esse
274 1469 511 1538 mutationem
542 1488 579 1538 ut
610 1493 737 1540 omnes
773 1470 938 1539 omnium
966 1469 1136 1538 ordinum
1166 1468 1235 1536 viri
1267 1468 1306 1536 in

76 1573 78 1577 Α
180 1585 368 1655 Octaviani
401 1603 613 1676 potestatem
642 1586 881 1656 libentissime
906 1587 1154 1669 concederent,
1182 1585 1306 1653 Hora-

180 1703 343 1793 tiumque
373 1703 494 1771 minus
530 1704 754 1792 temporibus
780 1704 970 1772 inservisse
998 1724 1108 1792 quam
1135 1703 1308 1788 cessisse,

180 1821 267 1887 dum
285 1818 387 1887 illum
405 1821 658 1889 celebrandum
685 1821 892 1911 susciperet.
921 1819 991 1888 Diu
1020 1837 1306 1910 exspectaverat,

180 1958 295 2024 neque
311 1957 393 2003 cum
410 1935 555 2027 incepit,
570 1937 691 2005 statim
712 1936 747 2003 in
768 1935 986 2026 profusiores
1015 1937 1137 2005 laudes
1154 1936 1280 2025 erupit
1298 1959 1308 2020 3

181 2052 242 2119 sed
260 2051 288 2118 si
308 2075 449 2121 carmen
472 2054 641 2142 quodque
659 2053 694 2121 in
712 2053 877 2122 ordinem
898 2070 1104 2141 temporum
1124 2053 1306 2143 coegeris,

180 2168 265 2237 satis
281 2169 417 2259 patebit
432 2191 510 2236 eam
529 2169 682 2260 Augusti
701 2169 869 2238 laudibus
896 2168 1096 2238 adhibitam
1121 2168 1307 2238 rationem

180 2300 313 2353 esseut
344 2306 427 2353 cum
455 2302 615 2376 tempore
643 2304 676 2354 et
708 2286 928 2376 principatus
957 2284 1138 2354 beneficiis
1162 2306 1309 2356 cresce·

180 2418 258 2468 rent
277 2402 332 2489 (1).
355 2400 424 2469 Per
440 2402 563 2469 decem
580 2401 650 2471 fere
666 2425 795 2488 annoS,
821 2402 894 2470 sive
912 2401 1084 2493 principis
1099 2399 1225 2469 animo
1240 2424 1307 2493 pa·

179 2539 260 2584 rum
278 2516 369 2602 fidit,
388 2517 461 2586 sive
475 2519 604 2588 veteris
621 2518 759 2588 militiae
776 2519 951 2588 memoria
976 2518 1161 2603 retinetur,
1182 2541 1308 2608 neque

177 2634 266 2701 adeo
287 2653 451 2725 prompte
469 2657 561 2725 opus
587 2635 806 2727 aggreditur,
835 2659 950 2727 neque
970 2634 1186 2703 urbanitatis
1222 2659 1308 2704 mo·

178 2745 264 2818 dum
281 2752 427 2819 excedit.
449 2752 676 2842 Rogantibus
693 2753 818 2820 amicis
836 2753 931 2821 haud
949 2751 1085 2820 inficete
1106 2753 1308 2843 respondet

178 2891 214 2935 se
236 2869 397 2936 dicendis
414 2869 598 2937 amoribus
621 2870 735 2960 magis
751 2869 921 2937 idoneum
941 2891 1143 2959 essequam
1159 2869 1308 2960 proeliis

178 2984 321 3052 heroico
334 3008 431 3053 more
447 2986 683 3071 celebrandis,
700 3005 806 3077 atque
824 2987 950 3054 timere
963 3009 1005 3054 ne
1023 2987 1145 3054 laudes
1164 2987 1306 3076 egregii

176 3099 329 3170 Caesaris
347 3103 450 3193 culpa
468 3102 601 3193 ingenii
626 3103 761 3173 deterat
789 3104 848 3191 (a).
873 3103 978 3174 Unde
1013 3126 1082 3170 non
1114 3102 1307 3172 immerito

176 3218 280 3285 statui
302 3242 404 3310 posse
420 3220 561 3288 videtur
584 3237 705 3288 natam
730 3218 874 3288 actiacis
900 3219 1124 3310 temporibus
1152 3220 1304 3289 Horatii

176 3333 211 3400 in
222 3337 425 3426 Augustum
439 3336 719 3426 propensionem
730 3335 835 3431 lentis
850 3359 1038 3428 augescere
1050 3335 1306 3422 incrementis,

175 3452 300 3536 donec,
335 3469 433 3542 parta
480 3453 684 3538 concordia,
725 3453 930 3544 propagatis
967 3451 1108 3543 imperii
1148 3451 1304 3540 linibus,

175 3567 385 3658 collatisque
402 3569 437 3636 in
459 3569 639 3638 civitatem
667 3562 849 3638 beneficiis
882 3569 1046 3661 princeps
1078 3567 1113 3636 in
1148 3569 1205 3637 sui
1239 3572 1304 3638 ad·

176 3683 405 3752 mirationem
436 3708 668 3776 amoremque
698 3703 839 3776 poetam
872 3702 911 3753 ut
942 3702 1077 3754 ceteros
1111 3685 1306 3754 Romanos

176 3802 331 3870 traxerit.
361 3803 464 3870 Tunc
500 3804 647 3872 demum
680 3826 752 3872 non
787 3803 893 3871 aliam
922 3802 1075 3893 Augusti
1104 3824 1145 3870 ac
1171 3802 1306 3873 Romae

210 4071 247 4141 (tl
263 4069 308 4127 Cf.
326 4072 452 4144 Wxtrz,
474 4089 520 4147 op.
537 4091 573 4141 c.‚
588 4092 617 4147 p.
632 4093 658 4132 2.

210 4159 246 4230 (2)
268 4159 373 4216 Carm.
391 4179 416 4227 1,
432 4165 459 4230 6,
480 4180 523 4218 11.
539 4195 574 4204 -
590 4162 637 4221 Cf.
651 4180 682 4229 11,
705 4181 747 4234 12,
769 4180 878 4235 10;rv,
896 4182 923 4232 2,
942 4164 987 4221 33.
