2970 5280
603 517 783 585 ..13-

132 660 319 751 primitiis,
337 660 475 728 ardenti
494 660 615 728 studio
633 683 652 727 a
669 660 862 728 Maecenate
880 660 978 750 lyrici
1003 660 1094 729 vatis
1118 684 1250 730 nomen

133 774 380 866 expostulabat
396 776 452 863 (ι),
466 774 541 863 Qui
558 793 679 843 autem
696 775 831 865 optime
843 793 964 843 nosset
977 797 1050 864 quo
1063 776 1250 866 proprium

133 891 264 960 valeret
283 891 483 980 ingenium,
505 889 682 958 fatebatur
704 891 852 979 quidem
871 889 939 957 sibi
955 912 1028 958 non
1042 891 1165 958 deesse
1179 889 1252 978 spi·

134 1009 245 1076 ritum
277 1007 383 1098 graiae
417 1025 560 1075 tenuem
597 1029 753 1075 camenae
787 1009 849 1094 (a),
887 1007 1022 1096 ingenii
1059 1007 1252 1096 benignam

135 1146 262 1192 venam
287 1122 347 1212 (3),
373 1146 443 1212 qua
479 1123 625 1212 lyricam
658 1124 801 1191 laudem
826 1122 983 1212 aliquam
1013 1123 1174 1192 affectare
1201 1122 1252 1190 las

135 1240 203 1308 sibi
221 1263 297 1307 esse
312 1240 478 1323 duceret3
501 1239 562 1307 sed
578 1234 781 1307 tenuiorem
804 1261 887 1307 eum
905 1239 1073 1328 spiritum
1090 1239 1250 1329 putabat,

135 1378 245 1445 quam
260 1355 321 1444 qui
340 1355 494 1445 propriis
514 1354 651 1423 viribus
668 1355 703 1422 in
722 1355 981 1423 sublimitatem
998 1355 1116 1445 lyricae
1132 1355 1252 1446 poesis

135 1472 355 1540 eveheretur.
377 1471 458 1538 Vim
481 1472 628 1539 insitam
648 1471 716 1539 sibi
736 1473 860 1539 adesse
876 1470 997 1556 sentit,
1012 1473 1072 1539 sed
1092 1471 1252 1541 doctrina

136 1588 433 1678 promovendam.
472 1587 719 1676 Quamobrem
759 1587 959 1656 Pindarum
992 1588 1151 1656 aemulari
1180 1609 1251 1655 non

136 1727 258 1787 ausus,
285 1732 302 1766 «
328 1703 509 1773 Dircaeum
534 1703 636 1772 illum
659 1726 824 1793 cycnum,
846 1704 907 1793 qui
932 1704 966 1771 in
993 1706 1082 1772 altos
1103 1704 1253 1772 nubium

136 1838 270 1889 tractus
283 1820 398 1888 tendit
415 1841 568 1910 semper,
586 1821 673 1910 ipse,
690 1821 767 1911 apis
781 1820 926 1888 Matinae
942 1842 1041 1889 more
1056 1821 1252 1910 modoque,

137 1958 201 2027 per
227 1937 386 2003 laborem
416 1937 616 2026 plurimum
648 1959 799 2026 operosa
836 1957 966 2026 parvus
997 1936 1155 2005 carmina
1189 1938 1255 2004 lin-

137 2052 187 2141 git
216 2080 232 2114 »
260 2056 314 2140 (4).
352 2052 467 2120 Probe
503 2075 567 2119 nos
600 2053 740 2119 monuit
770 2075 812 2120 ne
842 2076 878 2120 se
910 2051 1003 2120 inter
1033 2075 1093 2120 eos
1125 2052 1254 2141 lyricos

138 2190 405 2237 recenseremus
422 2170 483 2258 qui
504 2186 628 2236 natura
650 2186 684 2236 et
705 2168 848 2256 ingenio
875 2168 1106 2258 potissimum
1123 2169 1253 2251 valent,

139 2285 199 2351 sed
229 2285 421 2353 interillos
446 2285 507 2373 qui
535 2283 657 2371 judicii
683 2284 858 2372 elegantia
882 2301 987 2372 atque
1018 2284 1104 2351 artis
1135 2284 1254 2374 vigore

138 2400 292 2468 aliorum
310 2400 401 2467 vires
420 2422 501 2466 cum
523 2401 597 2466 suis
624 2400 669 2466 ita
694 2399 956 2488 conjunxerunt
980 2418 1019 2467 ut
1044 2400 1097 2468 vel
1121 2400 1156 2468 in
1174 2401 1254 2468 imi·

138 2518 248 2585 tando
263 2518 318 2584 sui
337 2517 425 2603 juris
444 2535 575 2584 essent.

184 2635 230 2700 ll.
256 2632 446 2722 Quosnam
463 2632 572 2723 igitur
590 2632 657 2699 sibi
681 2632 714 2698 in
741 2633 944 2722 exemplum
961 2651 1120 2701 assumet
1138 2635 1254 2702 Hora-

139 2750 233 2817 tius?
259 2751 308 2820 Ut
332 2767 431 2817 erant
458 2747 612 2816 Romani
630 2768 662 2815 et
679 2770 823 2816 morum
844 2765 877 2816 et
893 2766 1098 2838 temporum
1119 2752 1255 2820 ratione

140 2857 392 2934 Alexandrinis
412 2864 528 2955 poetis
549 2863 650 2953 quasi
668 2863 826 2947 finitimi,
844 2863 926 2931 inde
950 2886 968 2930 a
993 2863 1146 2933 Caesaris
1166 2885 1255 2934 tem·

140 2981 289 3071 poribus
303 2984 429 3049 Romae
441 2980 622 3048 exstiterat
636 2998 822 3070 poetarum
838 2980 958 3047 schola
973 2981 1151 3068 quaedam,
1165 3005 1256 3071 quos

138 3103 204 3179 τοὺς
217 3107 372 3186 νεωτέρους
389 3095 516 3166 Cicero
532 3096 619 3164 dicit
637 3098 693 3184 (5),
712 3098 845 3186 quique
862 3095 897 3163 in
915 3120 956 3164 eo
973 3099 1037 3165 toti
1057 3096 1202 3165 luerunt
1217 3114 1256 3164 ut

140 3212 1255 3303 Alexandrinorumsubtilemdoctrinamoperosamqueartem

140 3329 175 3396 in
194 3327 352 3396 romanis
368 3328 544 3419 poematis
559 3346 847 3417 assequerentur.
866 3327 956 3416 Quae
973 3328 1120 3418 quidem
1138 3351 1255 3396 exem-

140 3445 251 3534 plaria
266 3445 360 3513 haud
384 3445 503 3533 inepte
526 3444 606 3534 eligi
628 3461 837 3534 potuerunt,
853 3467 935 3511 cum
956 3444 1081 3512 litterae
1098 3466 1255 3513 romanae

138 3560 197 3627 vix
213 3561 341 3650 primis
360 3560 587 3628 incunabulis
611 3581 760 3650 egressae
776 3583 886 3650 quam
902 3560 1056 3628 maxime
1072 3561 1157 3628 artis
1176 3562 1256 3630 dili·

176 3804 216 3870 (ι)
238 3802 379 3867 Carm.1‚
402 3821 424 3870 1,
443 3802 491 3856 35.

175 3893 216 3962 (2)
236 3891 342 3947 Carm.
360 3909 390 3962 u,
413 3893 454 3960 16,
474 3892 518 3947 38.

177 3980 216 4050 (3)
237 3980 341 4036 Carm.
358 3999 388 4050 11,
409 3981 452 4050 18,
469 3999 500 4052 q.
541 4018 543 4021 -

176 4071 215 4140 (4)
235 4069 341 4126 Carm.
360 4087 399 4138 ιν,
417 4088 444 4135 2,
461 4071 495 4125 25
514 4087 597 4143 seqq.

175 4159 216 4227 (5)
238 4159 296 4232 Ep.
313 4159 352 4213 ad
367 4160 439 4226 Ate,
457 4176 506 4226 vu,
524 4177 549 4227 2,
573 4176 596 4212 1.
