2970 5280
596 505 639 514 ..
666 489 776 555 77-

123 609 295 700 pepercit,
312 608 561 699 quemficticio
578 608 746 676 Malthini
762 608 921 691 nomine,
939 608 985 675 ob
1003 608 1136 676 fluxam
1156 607 1245 674 mol-

124 726 251 811 litiem,
270 725 510 793 deridendum
538 723 762 815 propinavit;
783 723 1087 813 consentiuntque
1103 724 1174 791 fere
1196 723 1248 790 in·

125 859 311 933 terpretes,
327 840 568 911 Octavianum
591 841 724 931 ipsum,
743 839 928 908 adulteriis
950 841 1142 924 famosum,
1157 857 1247 907 tecte

126 976 265 1048 apoeta
292 958 488 1048 suggillari.
519 957 633 1044 Cujus
659 956 775 1025 satirae
812 957 948 1025 nullam
981 956 1158 1024 rationem
1188 955 1248 1023 ha-

127 1074 249 1142 buisse
273 1074 455 1158 videntur,
473 1073 535 1164 qui
560 1073 724 1142 hariolati
746 1089 830 1141 sunt
849 1074 966 1162 primo
1002 1092 1080 1162 post
1106 1071 1248 1161 Philip·
1282 1081 1286 1089 '

126 1213 275 1282 pensem
290 1213 448 1282 pugnam
466 1213 561 1259 anno
578 1191 753 1280 scriptum
769 1172 856 1258 ‘esse
882 1211 1026 1257 carmen
1049 1211 1122 1278 quo
1144 1205 1248 1278 poeta

126 1306 367 1376 Octavianum
393 1325 532 1397 patrem
558 1305 681 1398 patriae
712 1305 938 1395 Caesarisque
969 1306 1121 1373 ultorem
1154 1304 1248 1371 salu·

83 1482 91 1501 ,
127 1440 178 1491 tat
198 1425 257 1514 (r).
278 1423 327 1494 Ut
346 1423 444 1490 enim
461 1441 535 1491 tota
560 1423 669 1509 hujus
691 1421 862 1490 carminis
889 1422 979 1490 ratio
1006 1420 1179 1488 remotius
1204 1419 1248 1487 ab

127 1539 184 1606 his
202 1538 305 1607 annis
319 1556 463 1629 tempus
481 1562 554 1607 non
572 1539 781 1623 declararet,
801 1538 1041 1606 nihilominus
1060 1537 1190 1604 clarius
1207 1559 1248 1604 ex

128 1656 188 1723 illa
216 1656 324 1724 satira
345 1672 441 1746 patet
471 1675 638 1745 quotum
666 1657 701 1722 in
736 1655 960 1726 Caesarianos
991 1653 1112 1722 animo
1140 1669 1249 1736 esset,

128 1795 240 1869 quam
263 1788 303 1839 ut
334 1771 560 1863 suspicemur
589 1772 749 1861 potuisse
776 1772 971 1841 Horatium
992 1770 1121 1838 iisdem
1145 1769 1249 1838 annis

128 1905 204 1956 tam
227 1887 350 1979 pronis
383 1888 552 1955 laudibus
575 1887 817 1958 Octavianum
849 1887 1027 1956 extollere.
1063 1886 1249 1976 Quicquid

131 2004 275 2073 Horatii
292 2005 549 2073 obtrectatores
566 2005 730 2089 afferunt,
752 2005 852 2072 nullo
868 2026 1016 2093 prorsus
1042 2001 1249 2071 testimonio

130 2121 246 2190 evinci
263 2101 380 2210 potest
396 2143 479 2188 eum
499 2143 562 2211 per
573 2139 644 2189 tres
656 2143 769 2189 annos
788 2122 842 2190 vel
859 2120 1055 2189 minimum
1070 2119 1106 2187 in
1126 2118 1250 2190 Caesa-

130 2240 181 2308 ris
203 2257 319 2330 partes
335 2237 575 2306 inclinavisse.
739 2226 741 2230 ’

176 2358 283 2423 Anno
300 2355 447 2423 demum
471 2356 538 2442 716
556 2355 618 2441 (2),
640 2353 675 2420 id
697 2354 849 2421 Horatio
863 2352 1004 2437 accidit,
1020 2352 1118 2443 quod
1136 2351 1251 2442 ipsius

56 2549 71 2570 ·
129 2473 175 2540 de
203 2471 401 2542 Octaviano
434 2471 663 2555 sententiam,
697 2493 769 2538 non
804 2470 934 2553 dicam,
966 2486 1156 2551 mutatam,
1189 2468 1250 2535 sed

130 2587 260 2672 serius,
291 2588 397 2655 vellet
431 2587 553 2671 nollet,
594 2587 806 2654 mutandam
843 2585 1034 2654 nuntiaret.
1076 2586 1253 2653 Maecenas

131 2704 244 2789 enim,
261 2703 322 2794 qui
336 2703 403 2771 sibi
422 2725 501 2770 eam
515 2703 737 2793 provinciam
751 2719 995 2793 assumpserat
1005 2718 1058 2784 ut,
1074 2701 1253 2792 praeclaris

103 2810 250 2912 'poetis
274 2819 440 2904 favendo,
467 2842 527 2887 eos
559 2818 717 2887 vicissim
746 2841 921 2887 novarum
947 2839 1067 2886 rerum
1098 2817 1254 2884 fautores

133 2937 293 3021 haberet,
317 2935 545 3004 Venusinum
568 2953 709 3027 poetam
733 2959 753 3004 a
774 2935 933 3026 Vergilio
951 2933 1133 3023 Varioque
1157 2954 1255 3000 corn-

132 3042 359 3137 mendatum,
387 3052 424 3120 in
450 3074 600 3121 suorum
629 3074 779 3120 numero
807 3075 883 3120 esse
918 3050 1024 3139 jussit
1056 3051 1114 3138 (3).
1141 3048 1254 3137 ,Quod

133 3169 284 3259 quidem
315 3168 554 3260 patrocinium
589 3167 679 3238 Cato
713 3169 955 3247 detrectasset,
994 3165 1030 3234 id
1066 3165 1254 3249 Horatius,

132 3284 239 3376 quasi
254 3285 342 3353 nihil
358 3285 442 3354 inde
458 3285 553 3375 apud
571 3305 733 3374 posteros
750 3283 907 3353 infamiae
922 3281 1006 3350 oriri
1023 3304 1126 3372 posse
1144 3281 1255 3348 confi-

171 3531 211 3596 (ι)
232 3527 341 3582 Curm.
371 3545 394 3591 r,
417 3544 447 3597 2;
461 3559 493 3566 -
510 3524 588 3581 inter
603 3542 681 3598 quos
699 3525 913 3589 FuunsrsnttJ,
937 3539 983 3596 op.
1000 3521 1049 3576 cit.
1067 3553 1100 3561 -
1127 3521 1252 3588 Contra,

131 3618 261 3686 Dncrsa,
279 3617 414 3681 Futura,
431 3615 549 3672 Oasmr
565 3614 601 3668 ad
616 3631 729 3669 annum
745 3613 821 3688 7253
847 3610 911 3682 alii,
928 3611 964 3667 ad
980 3629 1057 3684 7273
1081 3608 1144 3680 alii,
1175 3609 1254 3664 inter
1307 3644 1309 3647 -

127 3722 211 3780 quos
227 3706 350 3760 Mnssou
366 3717 395 3760 et
409 3705 651 3771 Vtuunasouao,
668 3704 704 3758 ad
720 3721 768 3759 an.
784 3702 839 3775 732
856 3700 930 3757 illud
947 3699 1091 3757 referunt.

171 3795 214 3867 (2)
234 3795 298 3850 Sat.
316 3812 346 3859 11,
364 3794 392 3860 6,
405 3811 443 3863 40
455 3793 592 3866 (scripta,
608 3805 640 3849 ut
654 3809 690 3849 ex
705 3810 782 3850 vers.
801 3791 892 3848 55-56
907 3802 998 3864 patet,
1015 3807 1096 3844 anno
1113 3789 1177 3862 723)
1194 3804 1201 3844 :

404 3901 526 3957 Septimus
540 3907 623 3945 octavo
638 3899 736 3957 propior
745 3899 793 3954 iam
806 3898 893 3955 fugerit
907 3909 982 3940 annus
1072 3922 1074 3930 ι

401 3973 438 4016 Ex
453 3985 499 4028 quo
515 3973 632 4016 Maecenas
644 3984 681 4015 me
691 3971 763 4028 coepit
779 3970 864 4014 habere
879 3981 977 4013 suorum

401 4044 430 4087 In
447 4055 577 4088 numero...

171 4117 218 4187 (3)
237 4115 301 4173 Sat.
320 4133 338 4180 t,
357 4117 384 4180 6,
401 4116 448 4172 61.
