2954 5084
712 500 894 568 ..66-

241 658 331 711 rent.
353 640 475 731 Quam
489 640 712 731 opinionem,
730 643 844 732 capite
860 643 1037 731 sequenti,
1057 642 1118 710 ubi
1142 630 1186 711 de
1206 628 1365 734 ¹politica

225 754 385 825 'Horatii
403 757 539 825 ratione
564 774 699 847 agetur,
718 757 833 825 fusius
860 775 894 825 et
921 758 957 826 in
974 758 1184 826 universum
1203 760 1363 828 excutie-

240 893 347 957 mus;
374 890 413 941 ut
444 896 528 942 vero
559 896 654 942 nunc
680 874 819 963 incepta
843 873 1041 964 disputatio
1063 893 1130 959 est,
1154 875 1190 943 id
1215 891 1362 944 tantum

241 991 426 1059 videamus
457 990 637 1081 numquid
667 990 855 1060 Octaviani
885 990 1007 1058 faudes
1034 990 1194 1059 romanis
1212 991 1361 1061 Horatii

241 1106 407 1176 sensibus
423 1106 571 1195 ejusque
588 1106 624 1175 in
643 1107 794 1197 patriam
815 1106 928 1174 amori
948 1105 1118 1175 officiant.

245 1257 249 1261 ’
286 1223 452 1291 Primum
470 1222 648 1306 omnium,
663 1224 901 1291 concedamus
919 1239 1061 1313 oportet
1077 1223 1191 1313 magis
1207 1222 1361 1314 poetice,

240 1360 350 1429 quam
364 1354 402 1406 ut
421 1361 476 1407 res
492 1337 638 1422 ferebat,
657 1337 806 1406 Antonii
832 1340 1004 1407 victorem
1023 1337 1172 1422 laudari,
1197 1361 1280 1407 cum
1305 1339 1363 1408 in·

239 1452 1363 1543 clitissimisRomaeducibusanteponatur,necomnemabesse

239 1570 490 1640 assentationis
507 1569 763 1660 suspicionem.
780 1570 932 1653 Tamen,
952 1569 982 1636 si
1000 1592 1076 1638 rem
1090 1570 1262 1639 attentius
1279 1593 1363 1660 per·

240 1687 423 1770 scruteris,
442 1709 513 1755 non
529 1685 793 1776 desperaverim
811 1686 885 1754 fore
914 1704 953 1753 ut
979 1708 1167 1755 romanam
1199 1683 1364 1755 mentem

241 1803 394 1874 Horatio
420 1825 493 1871 non
522 1803 716 1889 abjudices.
755 1802 914 1886 Etenim,
937 1802 1064 1871 saitem
1096 1801 1226 1870 abhinc
1253 1805 1363 1871 annis

241 1920 415 2010 quinque,
432 1919 619 1989 Octaviani
638 1919 799 2009 partibus
817 1941 944 2008 parum
959 1919 1213 1988 adversabatur
1240 1937 1362 2009 poeta,

241 2054 280 2104 ut
310 2036 452 2125 parcius
482 2036 613 2119 dicam,
631 2057 713 2103 cum
730 2036 881 2104 fateatur
901 2058 951 2119 se,
969 2034 1108 2104 devicto
1130 2036 1174 2103 ad
1194 2035 1364 2106 Siculum

239 2153 324 2221 litus
339 2153 527 2242 Pompeio,
541 2152 714 2220 sollemne
726 2151 932 2220 convivium
944 2173 1027 2220 cum
1038 2153 1232 2220 Maecenate
1247 2151 1364 2242 agita·
1389 2187 1392 2191 ⁴

203 2289 205 2292 ·
238 2270 332 2338 visse
348 2272 392 2358 (1)
408 2294 418 2354 ς
436 2271 534 2359 quod
549 2286 668 2337 tamen
686 2291 914 2358 nequaquam
944 2267 1135 2360 impedivit
1158 2268 1369 2357 quominus

238 2409 363 2455 rursus
387 2386 582 2453 imminens
604 2385 740 2453 bellum
756 2384 859 2453 civile
886 2401 1139 2468 exsecraretur,
1155 2401 1188 2452 et
1213 2384 1257 2450 iis
1276 2385 1362 2474 qui·

237 2503 319 2571 dem
337 2502 453 2571 verbis
482 2524 563 2591 qua
586 2524 658 2570 non
680 2500 811 2591 {minus
840 2500 1030 2570 Octaviani
1065 2498 1174 2590 quam
1207 2501 1361 2569 Antonii

236 2640 335 2686 arma
349 2617 460 2709 impia
471 2618 649 2685 declarare
666 2617 884 2685 viderentur.
905 2616 1003 2705 Quid
1021 2617 1119 2705 quod
1135 2632 1262 2706 quarto
1276 2634 1363 2705 post

236 2735 399 2826 Actiacas
420 2756 476 2803 res
495 2757 603 2818 annu,
619 2756 701 2802 cum
716 2736 885 2803 Fortunae
900 2732 1118 2824 supplicabit
1138 2751 1177 2802 ut
1191 2736 1361 2822 Augusto

236 2852 428 2920 adversum
440 2851 635 2919 ‘Britannos
655 2851 829 2919 bellaturo
842 2849 969 2934 faveat,
987 2848 1154 2940 precibus
1170 2848 1247 2915 suis
1260 2870 1360 2917 acer-

236 2967 424 3035 bissimam
441 2967 628 3036 domestici
649 2966 780 3036 furoris
798 2966 1012 3034 memoriam
1027 2963 1288 3035 intermiscebit
1307 2967 1319 3032 ?

486 3128 572 3184 Eheu
588 3127 763 3204 cicatricum
779 3140 808 3183 et
822 3127 944 3182 sceleris
961 3126 1053 3200 pudet

485 3219 696 3290 Fratrumque.
714 3216 796 3285 Quid
812 3234 868 3272 nos
885 3216 960 3272 dura
972 3214 1138 3287 refugimus

554 3307 639 3362 AEtas
654 3305 666 3361 i
681 3305 755 3379 quid
770 3305 917 3362 intactum
932 3303 1041 3360 nefasti

611 3394 798 3469 Liquimus?
801 3433 854 3451 .....
872 3395 923 3465 (2).

270 3638 309 3709 (ι)
331 3636 424 3712 apoa.
446 3654 515 3708 ov·

270 3728 308 3797 (2)
328 3727 433 3782 Carm.
457 3743 481 3790 1,
499 3725 546 3789 35,
564 3725 608 3781 33.
630 3756 663 3768 -
684 3727 727 3782 lta
742 3725 814 3797 fere,
841 3727 946 3783 Carm.
976 3746 1000 3795 1,
1026 3746 1053 3793 2,
1081 3746 1126 3793 21,
1144 3745 1190 3783 an.
1216 3728 1284 3799 725,
1310 3729 1359 3784 vel

234 3831 301 3888 727,
318 3815 366 3871 vel
382 3814 471 3871 etiarn
487 3814 542 3887 732
556 3814 751 3888 conscripto:

551 3922 640 3967 Audiet
650 3922 712 3968 cives
726 3923 815 3967 acuisse
827 3924 927 3986 ferrum,

554 3996 609 4051 Quo
624 4007 706 4052 graves
717 3996 795 4039 Persae
808 3995 892 4039 melius
910 3995 1032 4052 perirent:

554 4069 642 4114 Audiet
652 4079 745 4124 pugnas
758 4067 816 4112 vitio
831 4075 956 4124 parentum

664 4141 723 4184 Rara
735 4139 853 4195 juventus.
