2970 5280
641 508 822 576 ..38-

175 675 255 721 sum
272 651 470 722 Massicum
488 650 615 719 suadet
636 652 692 738 (1).
724 650 819 740 Quis
838 651 984 742 ignorat
1009 649 1191 720 Licinium
1217 651 1304 718 Mu·

175 792 322 853 raenam,
356 768 535 836 Terentiae
566 766 773 836 Maecenatis
807 768 929 836 uxoris
959 790 1022 859 per
1061 767 1304 856 adoptionem

175 887 332 968 fratrem,
357 884 607 952 turbulentum
634 883 833 968 hominem,
864 885 996 974 linguae
1025 884 1061 951 in
1086 887 1304 974 Augustum

175 1003 423 1093 impotentem,
459 1018 652 1092 postquam
688 1023 771 1068 cum
808 1000 981 1092 Caepione
1011 1003 1249 1088 conjurasset,
1283 1023 1303 1066 a

174 1119 321 1188 Tiberio
337 1140 439 1186 teum
464 1116 612 1200 lactum,
640 1135 754 1186 morte
771 1118 982 1186 damnatum
1006 1118 1107 1185 esse?
1122 1115 1183 1206 (2).
1204 1117 1305 1184 Male

96 1252 99 1255 ·
178 1234 317 1303 Horatii
339 1233 499 1302 consiliis
518 1251 695 1324 paruerat,
714 1232 777 1324 qui
795 1233 988 1302 notissimo
1003 1232 1160 1301 carmine
1174 1233 1306 1300 mode·

175 1351 352 1419 rationem
380 1349 429 1417 illi
457 1366 491 1417 et
515 1349 747 1439 praesentium
773 1350 1002 1418 tolerantiam
1020 1348 1305 1417 commendave-

176 1486 227 1536 rat
260 1470 316 1554 (3).
352 1465 500 1536 Nemini
529 1465 694 1532 dubitare
732 1465 811 1533 licet
843 1466 930 1554 quin
962 1465 1112 1556 poeticae
1148 1464 1219 1533 illae
1256 1466 1304 1532 ad

175 1583 397 1652 oblivionem
410 1599 443 1649 et
458 1582 659 1672 epicuream
676 1581 840 1650 inertiam
859 1582 1091 1650 invitationes
1106 1583 1202 1650 haud
1224 1603 1305 1650 me-

176 1699 344 1768 diocriter
356 1699 400 1767 ad
418 1700 577 1767 sananda
589 1698 792 1767 animorum
809 1686 958 1768 vulnera
976 1699 1207 1767 contulerint.

221 1815 291 1887 Sed
309 1816 377 1885 alia
398 1815 682 1883 obversabantur
705 1817 864 1900 vulnera,
884 1815 1090 1909 tristissima
1119 1815 1306 1883 bellorum

176 1932 336 2001 civilium
361 1931 522 2022 vestigia,
548 1930 682 2020 quibus
708 1932 896 1999 medendis
923 1950 957 1999 et
986 1931 1155 1999 tollendis
1182 1933 1308 2000 multo

176 2049 290 2116 acrior
307 2048 467 2137 impendi
494 2069 578 2115 cura
597 2047 762 2115 debebat.
781 2048 800 2115 J
805 2048 954 2116 acebant
977 2049 1128 2117 deorum
1150 2049 1307 2139 templa,

175 2164 337 2253 jacebant
354 2163 510 2255 prolapsi
525 2163 659 2231 civium
677 2184 808 2231 mores.
828 2165 987 2254 Legibus
1004 2182 1037 2232 et
1063 2164 1217 2233 decretis
1239 2189 1309 2256 po·

175 2298 266 2348 terat
278 2280 389 2349 victor
406 2278 570 2369 princeps
586 2280 681 2348 malo
695 2301 893 2364 occurrere,
908 2282 982 2365 sed,
997 2298 1036 2349 ut
1049 2280 1166 2349 aiebat
1182 2301 1307 2371 poeta,

177 2399 265 2487 quid
279 2398 372 2487 leges
390 2397 465 2464 sine
487 2395 649 2464 moribus
667 2418 767 2464 vanae
782 2397 996 2486 proliciunt?
1015 2401 1072 2485 (4).
1095 2399 1176 2465 Hoc
1192 2421 1307 2488 opus,

177 2513 235 2583 hic
256 2515 356 2582 labor
379 2517 541 2603 Augusto
561 2512 628 2581 suit
644 2532 683 2582 ut
711 2513 872 2582 moribus
898 2514 1052 2605 publicis
1079 2514 1309 2599 mederetur,

177 2646 210 2696 et
229 2652 290 2720 per
306 2651 423 2696 mores
440 2629 646 2718 praescripta
659 2629 779 2718 legum
796 2629 966 2698 firmaret.
981 2629 1075 2718 Quis
1086 2647 1207 2698 autem
1223 2652 1307 2700 cen·

177 2745 280 2812 soriae
307 2745 404 2813 illius
432 2745 597 2835 potestati
629 2745 915 2835 praestantiorem
942 2768 1091 2838 operam
1116 2747 1305 2831 adhibuit,

83 2927 88 2936 ,
176 2882 285 2949 quam
306 2861 437 2950 lyricus
454 2878 550 2928 vates
567 2862 628 2950 qui
645 2862 753 2934 modo
771 2863 871 2930 omni
889 2863 1081 2931 acerbitate
1098 2863 1135 2930 in
1156 2886 1307 2932 morum

175 2978 414 3066 corruptelam
436 2977 620 3045 invehitur
646 2980 703 3066 (5),
723 2994 758 3045 et
778 2980 1046 3048 emendatorem
1067 3002 1198 3070 magna
1215 3004 1305 3049 voce

176 3093 333 3183 exposcit
351 3095 408 3181 (6),
428 3094 537 3167 modo
561 3095 648 3161 latas
673 3095 766 3184 leges
792 3095 891 3163 omni
916 3096 1044 3185 plausu
1061 3095 1219 3186 excipit?
1240 3099 1302 3188 (7).

213 3309 252 3380 (1)
268 3307 373 3364 Carni.
390 3326 461 3380 11,7,
479 3326 524 3362 ιι.

212 3397 249 3468 (2)
267 3398 332 3451 Dto.
355 3396 452 3460 Cass„
468 3413 527 3461 arv,
545 3396 578 3465 3;
595 3398 708 3468 Vnam,
728 3415 757 3468 ιι,
774 3416 822 3470 91.

212 3487 250 3557 (3)
266 3486 372 3542 Carta.
388 3504 418 3553 11,
435 3504 482 3541 10.

213 3579 252 3647 (4)
269 3576 375 3632 Carm.
391 3593 433 3641 ιιι,
451 3592 497 3645 24,
521 3574 567 3630 35.

211 3665 250 3737 (5)
265 3665 371 3722 Carm.
388 3682 421 3736 ιι,
441 3674 483 3734 ι5,
504 3664 555 3735 ι8;
576 3682 618 3736 ιιι,
639 3684 663 3728 ι,
683 3664 733 3735 383
755 3666 785 3722 6.

211 3757 250 3827 (6)
264 3755 370 3811 Carm.
386 3772 428 3819 ιιι,
440 3773 486 3824 24,
501 3753 535 3809 25
551 3771 557 3808 :

444 3842 464 3885 0
480 3841 587 3898 quisquis
602 3842 665 3887 volet
680 3842 766 3899 impias

469 3912 551 3957 Caedes
566 3920 588 3956 et
603 3912 692 3956 rabiem
707 3913 789 3957 tollere
806 3913 913 3967 civicam,

443 3983 468 4028 Si
483 3991 572 4039 quaeret
586 3985 662 4028 Pater
676 3985 771 4027 urbium

470 4054 591 4099 Subscribi
607 4054 699 4108 statuis,
710 4054 851 4101 indomitam
866 4057 950 4101 audeat

443 4126 568 4169 Refrenare
583 4125 731 4169 licentiam„

213 4201 252 4270 (7)
273 4198 444 4268 Carm.‚1v,
464 4198 548 4267 5,15.
