<?xml version="1.0" encoding="UTF-8"?>
<!DOCTYPE html PUBLIC "-//W3C//DTD XHTML 1.0 Transitional//EN"
    "http://www.w3.org/TR/xhtml1/DTD/xhtml1-transitional.dtd">
<html xmlns="http://www.w3.org/1999/xhtml" xml:lang="en" lang="en">
 <head>
  <title>
</title>
<meta http-equiv="Content-Type" content="text/html;charset=utf-8" />
  <meta name='ocr-system' content='tesseract 3.04.00' />
  <meta name='ocr-capabilities' content='ocr_page ocr_carea ocr_par ocr_line ocrx_word'/>
</head>
<body>
  <div class='ocr_page' id='page_1' title='image "./quidvereromanum00devagoog_0124.png"; bbox 0 0 2954 5084; ppageno 0'>
   <div class='ocr_carea' id='block_1_1' title="bbox 570 495 773 561">
    <p class='ocr_par' dir='ltr' id='par_1_1' title="bbox 570 495 773 561">
     <span class='ocr_line' id='line_1_1' title="bbox 570 495 773 561; baseline 0.01 -2"><span class='ocrx_word' id='word_1_1' title='bbox 570 495 773 561; x_wconf 79' lang='lat'>-115—</span> 
     </span>
    </p>
   </div>
   <div class='ocr_carea' id='block_1_2' title="bbox 36 634 1309 3861">
    <p class='ocr_par' dir='ltr' id='par_1_2' title="bbox 126 634 1245 1074">
     <span class='ocr_line' id='line_1_2' title="bbox 128 634 1244 723; baseline 0.001 -20"><span class='ocrx_word' id='word_1_2' title='bbox 128 634 282 704; x_wconf 90' lang='lat' dir='ltr'>Romani</span> <span class='ocrx_word' id='word_1_3' title='bbox 300 635 459 723; x_wconf 88' lang='lat' dir='ltr'>suijuris</span> <span class='ocrx_word' id='word_1_4' title='bbox 480 635 666 704; x_wconf 88' lang='lat' dir='ltr'>duxissent</span> <span class='ocrx_word' id='word_1_5' title='bbox 684 635 779 723; x_wconf 84' lang='lat' dir='ltr'>juxta</span> <span class='ocrx_word' id='word_1_6' title='bbox 795 656 895 704; x_wconf 86' lang='lat' dir='ltr'>novae</span> <span class='ocrx_word' id='word_1_7' title='bbox 911 635 1114 705; x_wconf 87' lang='lat' dir='ltr'>Academiae</span> <span class='ocrx_word' id='word_1_8' title='bbox 1136 635 1244 704; x_wconf 88' lang='lat' dir='ltr'>ratio·</span> 
     </span>
     <span class='ocr_line' id='line_1_3' title="bbox 127 731 1245 842; baseline 0.001 -23"><span class='ocrx_word' id='word_1_9' title='bbox 127 773 209 820; x_wconf 90' lang='lat' dir='ltr'>nem</span> <span class='ocrx_word' id='word_1_10' title='bbox 224 750 317 820; x_wconf 91' lang='lat' dir='ltr'>inter</span> <span class='ocrx_word' id='word_1_11' title='bbox 332 731 572 842; x_wconf 67' lang='lat' dir='ltr'>philosophiae</span> <span class='ocrx_word' id='word_1_12' title='bbox 592 752 759 820; x_wconf 90' lang='lat' dir='ltr'>doctores</span> <span class='ocrx_word' id='word_1_13' title='bbox 781 751 924 840; x_wconf 85' lang='lat' dir='ltr'>eligere,</span> <span class='ocrx_word' id='word_1_14' title='bbox 946 774 1020 837; x_wconf 90' lang='lat' dir='ltr'>eos,</span> <span class='ocrx_word' id='word_1_15' title='bbox 1032 749 1099 819; x_wconf 59' lang='lat' dir='ltr'>&#39;ubi</span> <span class='ocrx_word' id='word_1_16' title='bbox 1116 754 1159 820; x_wconf 98' lang='lat' dir='ltr'>de</span> <span class='ocrx_word' id='word_1_17' title='bbox 1173 750 1245 820; x_wconf 91' lang='lat' dir='ltr'>vita</span> 
     </span>
     <span class='ocr_line' id='line_1_4' title="bbox 127 866 1245 958; baseline 0.001 -23"><span class='ocrx_word' id='word_1_18' title='bbox 127 868 348 936; x_wconf 88' lang='lat' dir='ltr'>instituenda</span> <span class='ocrx_word' id='word_1_19' title='bbox 376 866 558 957; x_wconf 79' lang='lat' dir='ltr'>agebatur,</span> <span class='ocrx_word' id='word_1_20' title='bbox 579 867 709 958; x_wconf 92' lang='lat' dir='ltr'>partim</span> <span class='ocrx_word' id='word_1_21' title='bbox 745 866 906 957; x_wconf 89' lang='lat' dir='ltr'>Epicuri,</span> <span class='ocrx_word' id='word_1_22' title='bbox 927 866 1064 958; x_wconf 36' lang='lat' dir='ltr'>partim,</span> <span class='ocrx_word' id='word_1_23' title='bbox 1087 867 1245 936; x_wconf 87' lang='lat' dir='ltr'>Zenonis</span> 
     </span>
     <span class='ocr_line' id='line_1_5' title="bbox 126 982 1245 1074; baseline 0 -22"><span class='ocrx_word' id='word_1_24' title='bbox 126 983 356 1074; x_wconf 85' lang='lat' dir='ltr'>disciplinam</span> <span class='ocrx_word' id='word_1_25' title='bbox 375 984 592 1072; x_wconf 88' lang='lat' dir='ltr'>amplexatos</span> <span class='ocrx_word' id='word_1_26' title='bbox 606 1005 695 1052; x_wconf 91' lang='lat' dir='ltr'>esse.</span> <span class='ocrx_word' id='word_1_27' title='bbox 717 982 792 1071; x_wconf 93' lang='lat' dir='ltr'>Qui</span> <span class='ocrx_word' id='word_1_28' title='bbox 811 1004 895 1052; x_wconf 91' lang='lat' dir='ltr'>vero</span> <span class='ocrx_word' id='word_1_29' title='bbox 910 982 1043 1051; x_wconf 90' lang='lat' dir='ltr'>factum</span> <span class='ocrx_word' id='word_1_30' title='bbox 1058 982 1104 1051; x_wconf 89' lang='lat' dir='ltr'>sit</span> <span class='ocrx_word' id='word_1_31' title='bbox 1121 1001 1158 1051; x_wconf 92' lang='lat' dir='ltr'>ut</span> <span class='ocrx_word' id='word_1_32' title='bbox 1172 1004 1245 1074; x_wconf 82' lang='lat' dir='ltr'>prae</span> 
     </span>
    </p>

    <p class='ocr_par' dir='ltr' id='par_1_3' title="bbox 36 1078 1309 3861">
     <span class='ocr_line' id='line_1_6' title="bbox 126 1078 1245 1188; baseline -0.001 -21"><span class='ocrx_word' id='word_1_33' title='bbox 126 1098 207 1167; x_wconf 90' lang='lat' dir='ltr'>aliis</span> <span class='ocrx_word' id='word_1_34' title='bbox 235 1099 316 1167; x_wconf 87' lang='lat' dir='ltr'>duae</span> <span class='ocrx_word' id='word_1_35' title='bbox 343 1097 414 1167; x_wconf 87' lang='lat' dir='ltr'>illae</span> <span class='ocrx_word' id='word_1_36' title='bbox 439 1116 544 1167; x_wconf 88' lang='lat' dir='ltr'>sectae</span> <span class='ocrx_word' id='word_1_37' title='bbox 567 1098 663 1188; x_wconf 90' lang='lat' dir='ltr'>apud</span> <span class='ocrx_word' id='word_1_38' title='bbox 699 1099 884 1167; x_wconf 89' lang='lat' dir='ltr'>Romanos</span> <span class='ocrx_word' id='word_1_39' title='bbox 914 1078 1193 1181; x_wconf 73' lang='lat' dir='ltr'>invalescerent,</span> <span class='ocrx_word' id='word_1_40' title='bbox 1206 1115 1245 1166; x_wconf 95' lang='lat' dir='ltr'>ut</span> 
     </span>
     <span class='ocr_line' id='line_1_7' title="bbox 36 1194 1244 1308; baseline -0.001 -25"><span class='ocrx_word' id='word_1_41' title='bbox 36 1194 43 1205; x_wconf 48' lang='lat'>⁸</span> <span class='ocrx_word' id='word_1_42' title='bbox 75 1196 78 1200; x_wconf 10' lang='grc' dir='ltr'><strong>Δ</strong></span> <span class='ocrx_word' id='word_1_43' title='bbox 126 1213 306 1308; x_wconf 23' lang='lat' dir='ltr'>minus-ad</span> <span class='ocrx_word' id='word_1_44' title='bbox 320 1232 483 1283; x_wconf 90' lang='lat' dir='ltr'>nostrum</span> <span class='ocrx_word' id='word_1_45' title='bbox 504 1214 731 1306; x_wconf 89' lang='lat' dir='ltr'>propositum</span> <span class='ocrx_word' id='word_1_46' title='bbox 748 1215 849 1294; x_wconf 77' lang='lat' dir='ltr'>utile,</span> <span class='ocrx_word' id='word_1_47' title='bbox 871 1216 1113 1304; x_wconf 88' lang='lat' dir='ltr'>supersedebo</span> <span class='ocrx_word' id='word_1_48' title='bbox 1128 1213 1244 1283; x_wconf 87' lang='lat' dir='ltr'>lusius</span> 
     </span>
     <span class='ocr_line' id='line_1_8' title="bbox 125 1329 1245 1419; baseline -0.002 -19"><span class='ocrx_word' id='word_1_49' title='bbox 125 1352 312 1416; x_wconf 66' lang='lat' dir='ltr'>enarrare,</span> <span class='ocrx_word' id='word_1_50' title='bbox 334 1329 513 1399; x_wconf 87' lang='lat' dir='ltr'>suffecerit</span> <span class='ocrx_word' id='word_1_51' title='bbox 533 1329 816 1400; x_wconf 88' lang='lat' dir='ltr'>animadvertere</span> <span class='ocrx_word' id='word_1_52' title='bbox 833 1330 904 1419; x_wconf 79' lang='lat' dir='ltr'>jam</span> <span class='ocrx_word' id='word_1_53' title='bbox 921 1349 1020 1399; x_wconf 83' lang='lat' dir='ltr'>serto</span> <span class='ocrx_word' id='word_1_54' title='bbox 1036 1330 1149 1401; x_wconf 88' lang='lat' dir='ltr'>Urbis</span> <span class='ocrx_word' id='word_1_55' title='bbox 1165 1353 1245 1399; x_wconf 90' lang='lat' dir='ltr'>con-</span> 
     </span>
     <span class='ocr_line' id='line_1_9' title="bbox 128 1446 1244 1538; baseline 0 -22"><span class='ocrx_word' id='word_1_56' title='bbox 128 1447 213 1516; x_wconf 87' lang='lat' dir='ltr'>ditae</span> <span class='ocrx_word' id='word_1_57' title='bbox 237 1449 368 1516; x_wconf 89' lang='lat' dir='ltr'>saeculo</span> <span class='ocrx_word' id='word_1_58' title='bbox 390 1446 584 1515; x_wconf 90' lang='lat' dir='ltr'>discidium</span> <span class='ocrx_word' id='word_1_59' title='bbox 616 1446 704 1515; x_wconf 94' lang='lat' dir='ltr'>illud</span> <span class='ocrx_word' id='word_1_60' title='bbox 721 1447 898 1515; x_wconf 84' lang='lat' dir='ltr'>exstitisse</span> <span class='ocrx_word' id='word_1_61' title='bbox 921 1464 974 1531; x_wconf 88' lang='lat' dir='ltr'>ut,</span> <span class='ocrx_word' id='word_1_62' title='bbox 1003 1448 1065 1538; x_wconf 91' lang='lat' dir='ltr'>qui</span> <span class='ocrx_word' id='word_1_63' title='bbox 1087 1469 1244 1516; x_wconf 88' lang='lat' dir='ltr'>romanae</span> 
     </span>
     <span class='ocr_line' id='line_1_10' title="bbox 127 1561 1244 1654; baseline -0.001 -22"><span class='ocrx_word' id='word_1_64' title='bbox 127 1562 312 1654; x_wconf 87' lang='lat' dir='ltr'>gravitatis</span> <span class='ocrx_word' id='word_1_65' title='bbox 327 1562 527 1653; x_wconf 86' lang='lat' dir='ltr'>praesertim</span> <span class='ocrx_word' id='word_1_66' title='bbox 545 1563 723 1633; x_wconf 89' lang='lat' dir='ltr'>rationem</span> <span class='ocrx_word' id='word_1_67' title='bbox 736 1563 928 1648; x_wconf 85' lang='lat' dir='ltr'>habebant,</span> <span class='ocrx_word' id='word_1_68' title='bbox 946 1564 990 1632; x_wconf 89' lang='lat' dir='ltr'>ad</span> <span class='ocrx_word' id='word_1_69' title='bbox 1009 1561 1163 1647; x_wconf 88' lang='lat' dir='ltr'>Stoicos,</span> <span class='ocrx_word' id='word_1_70' title='bbox 1182 1565 1244 1653; x_wconf 94' lang='lat' dir='ltr'>qui</span> 
     </span>
     <span class='ocr_line' id='line_1_11' title="bbox 127 1660 1245 1771; baseline 0.001 -23"><span class='ocrx_word' id='word_1_71' title='bbox 127 1695 248 1749; x_wconf 91' lang='lat' dir='ltr'>autem</span> <span class='ocrx_word' id='word_1_72' title='bbox 281 1679 513 1770; x_wconf 83' lang='lat' dir='ltr'>tranquillam</span> <span class='ocrx_word' id='word_1_73' title='bbox 548 1697 581 1748; x_wconf 90' lang='lat' dir='ltr'>et</span> <span class='ocrx_word' id='word_1_74' title='bbox 606 1679 800 1766; x_wconf 80' lang='lat' dir='ltr'>iucundam</span> <span class='ocrx_word' id='word_1_75' title='bbox 829 1660 940 1747; x_wconf 86' lang='lat' dir='ltr'>vitam</span> <span class='ocrx_word' id='word_1_76' title='bbox 965 1678 1112 1771; x_wconf 88' lang='lat' dir='ltr'>plurimi</span> <span class='ocrx_word' id='word_1_77' title='bbox 1145 1680 1245 1749; x_wconf 88' lang='lat' dir='ltr'>facie-</span> 
     </span>
     <span class='ocr_line' id='line_1_12' title="bbox 129 1795 1243 1888; baseline 0 -24"><span class='ocrx_word' id='word_1_78' title='bbox 129 1796 228 1880; x_wconf 88' lang='lat' dir='ltr'>bant,</span> <span class='ocrx_word' id='word_1_79' title='bbox 246 1795 290 1863; x_wconf 91' lang='lat' dir='ltr'>ad</span> <span class='ocrx_word' id='word_1_80' title='bbox 309 1795 507 1886; x_wconf 88' lang='lat' dir='ltr'>Epicureos</span> <span class='ocrx_word' id='word_1_81' title='bbox 523 1797 769 1886; x_wconf 77' lang='lat' dir='ltr'>confugerent.</span> <span class='ocrx_word' id='word_1_82' title='bbox 793 1797 875 1865; x_wconf 94' lang='lat' dir='ltr'>Non</span> <span class='ocrx_word' id='word_1_83' title='bbox 902 1796 1000 1886; x_wconf 93' lang='lat' dir='ltr'>quod</span> <span class='ocrx_word' id='word_1_84' title='bbox 1030 1818 1119 1886; x_wconf 90' lang='lat' dir='ltr'>pura</span> <span class='ocrx_word' id='word_1_85' title='bbox 1131 1797 1243 1888; x_wconf 76' lang='lat' dir='ltr'>‘apud</span> 
     </span>
     <span class='ocr_line' id='line_1_13' title="bbox 129 1906 1244 2004; baseline 0 -25"><span class='ocrx_word' id='word_1_86' title='bbox 129 1934 190 1980; x_wconf 91' lang='lat' dir='ltr'>eos</span> <span class='ocrx_word' id='word_1_87' title='bbox 208 1910 362 2004; x_wconf 90' lang='lat' dir='ltr'>viguerit</span> <span class='ocrx_word' id='word_1_88' title='bbox 376 1929 528 2003; x_wconf 89' lang='lat' dir='ltr'>utraque</span> <span class='ocrx_word' id='word_1_89' title='bbox 546 1911 749 2002; x_wconf 89' lang='lat' dir='ltr'>disciplina,</span> <span class='ocrx_word' id='word_1_90' title='bbox 768 1906 911 2001; x_wconf 85' lang='lat' dir='ltr'>qualem</span> <span class='ocrx_word' id='word_1_91' title='bbox 938 1911 1052 1981; x_wconf 84' lang='lat' dir='ltr'>Graeci</span> <span class='ocrx_word' id='word_1_92' title='bbox 1073 1911 1244 1980; x_wconf 88' lang='lat' dir='ltr'>condide-</span> 
     </span>
     <span class='ocr_line' id='line_1_14' title="bbox 130 2027 1243 2119; baseline -0.001 -22"><span class='ocrx_word' id='word_1_93' title='bbox 130 2044 208 2097; x_wconf 94' lang='lat' dir='ltr'>rant</span> <span class='ocrx_word' id='word_1_94' title='bbox 223 2052 233 2113; x_wconf 82' lang='lat'>3</span> <span class='ocrx_word' id='word_1_95' title='bbox 252 2050 439 2119; x_wconf 88' lang='lat' dir='ltr'>nunquam</span> <span class='ocrx_word' id='word_1_96' title='bbox 455 2028 552 2098; x_wconf 91' lang='lat' dir='ltr'>enim</span> <span class='ocrx_word' id='word_1_97' title='bbox 571 2028 627 2118; x_wconf 86' lang='lat' dir='ltr'>jus</span> <span class='ocrx_word' id='word_1_98' title='bbox 647 2027 801 2117; x_wconf 90' lang='lat' dir='ltr'>eligendi</span> <span class='ocrx_word' id='word_1_99' title='bbox 813 2028 1026 2096; x_wconf 88' lang='lat' dir='ltr'>omiserunt.</span> <span class='ocrx_word' id='word_1_100' title='bbox 1042 2028 1129 2098; x_wconf 86' lang='lat' dir='ltr'>Ideo</span> <span class='ocrx_word' id='word_1_101' title='bbox 1146 2029 1243 2098; x_wconf 90' lang='lat' dir='ltr'>brevi</span> 
     </span>
     <span class='ocr_line' id='line_1_15' title="bbox 129 2143 1244 2236; baseline 0.001 -23"><span class='ocrx_word' id='word_1_102' title='bbox 129 2143 246 2213; x_wconf 89' lang='lat' dir='ltr'>evenit</span> <span class='ocrx_word' id='word_1_103' title='bbox 262 2161 302 2213; x_wconf 92' lang='lat' dir='ltr'>ut</span> <span class='ocrx_word' id='word_1_104' title='bbox 322 2144 381 2214; x_wconf 90' lang='lat' dir='ltr'>alii</span> <span class='ocrx_word' id='word_1_105' title='bbox 396 2145 598 2235; x_wconf 88' lang='lat' dir='ltr'>epicuream</span> <span class='ocrx_word' id='word_1_106' title='bbox 615 2145 790 2213; x_wconf 89' lang='lat' dir='ltr'>rationem</span> <span class='ocrx_word' id='word_1_107' title='bbox 805 2167 954 2213; x_wconf 89' lang='lat' dir='ltr'>romana</span> <span class='ocrx_word' id='word_1_108' title='bbox 970 2144 1140 2236; x_wconf 88' lang='lat' dir='ltr'>gravitate</span> <span class='ocrx_word' id='word_1_109' title='bbox 1156 2168 1244 2235; x_wconf 90' lang='lat' dir='ltr'>qua-</span> 
     </span>
     <span class='ocr_line' id='line_1_16' title="bbox 129 2260 1246 2344; baseline 0.001 -15"><span class='ocrx_word' id='word_1_110' title='bbox 129 2261 320 2330; x_wconf 88' lang='lat' dir='ltr'>damtenus</span> <span class='ocrx_word' id='word_1_111' title='bbox 340 2260 584 2344; x_wconf 90' lang='lat' dir='ltr'>nobilitarent‚</span> <span class='ocrx_word' id='word_1_112' title='bbox 608 2260 667 2329; x_wconf 90' lang='lat' dir='ltr'>alii</span> <span class='ocrx_word' id='word_1_113' title='bbox 685 2261 834 2330; x_wconf 83' lang='lat' dir='ltr'>stoicam</span> <span class='ocrx_word' id='word_1_114' title='bbox 849 2261 1083 2330; x_wconf 87' lang='lat' dir='ltr'>humanitatis</span> <span class='ocrx_word' id='word_1_115' title='bbox 1105 2278 1139 2330; x_wconf 90' lang='lat' dir='ltr'>et</span> <span class='ocrx_word' id='word_1_116' title='bbox 1155 2262 1246 2330; x_wconf 89' lang='lat' dir='ltr'>litte-</span> 
     </span>
     <span class='ocr_line' id='line_1_17' title="bbox 130 2376 1243 2469; baseline -0.002 -22"><span class='ocrx_word' id='word_1_117' title='bbox 130 2399 252 2447; x_wconf 90' lang='lat' dir='ltr'>rarum</span> <span class='ocrx_word' id='word_1_118' title='bbox 286 2377 528 2447; x_wconf 88' lang='lat' dir='ltr'>condimentis</span> <span class='ocrx_word' id='word_1_119' title='bbox 558 2376 788 2469; x_wconf 81' lang='lat' dir='ltr'>initigarent3</span> <span class='ocrx_word' id='word_1_120' title='bbox 806 2399 962 2468; x_wconf 92' lang='lat' dir='ltr'>cumque</span> <span class='ocrx_word' id='word_1_121' title='bbox 990 2377 1061 2445; x_wconf 93' lang='lat' dir='ltr'>illis</span> <span class='ocrx_word' id='word_1_122' title='bbox 1090 2377 1243 2446; x_wconf 89' lang='lat' dir='ltr'>stoicum</span> 
     </span>
     <span class='ocr_line' id='line_1_18' title="bbox 130 2491 1246 2585; baseline 0 -23"><span class='ocrx_word' id='word_1_123' title='bbox 130 2491 268 2584; x_wconf 90' lang='lat' dir='ltr'>aliquid</span> <span class='ocrx_word' id='word_1_124' title='bbox 284 2493 429 2579; x_wconf 87' lang='lat' dir='ltr'>inesset,</span> <span class='ocrx_word' id='word_1_125' title='bbox 446 2493 503 2561; x_wconf 90' lang='lat' dir='ltr'>his</span> <span class='ocrx_word' id='word_1_126' title='bbox 520 2493 741 2583; x_wconf 89' lang='lat' dir='ltr'>epicureum,</span> <span class='ocrx_word' id='word_1_127' title='bbox 760 2515 870 2585; x_wconf 92' lang='lat' dir='ltr'>prope</span> <span class='ocrx_word' id='word_1_128' title='bbox 883 2510 958 2561; x_wconf 87' lang='lat' dir='ltr'>erat</span> <span class='ocrx_word' id='word_1_129' title='bbox 975 2510 1014 2561; x_wconf 91' lang='lat' dir='ltr'>ut</span> <span class='ocrx_word' id='word_1_130' title='bbox 1033 2493 1069 2561; x_wconf 91' lang='lat' dir='ltr'>in</span> <span class='ocrx_word' id='word_1_131' title='bbox 1094 2493 1166 2562; x_wconf 91' lang='lat' dir='ltr'>vita</span> <span class='ocrx_word' id='word_1_132' title='bbox 1184 2495 1246 2562; x_wconf 90' lang='lat' dir='ltr'>de-</span> 
     </span>
     <span class='ocr_line' id='line_1_19' title="bbox 131 2609 1246 2702; baseline 0.002 -25"><span class='ocrx_word' id='word_1_133' title='bbox 131 2612 247 2700; x_wconf 92' lang='lat' dir='ltr'>genda</span> <span class='ocrx_word' id='word_1_134' title='bbox 262 2632 384 2700; x_wconf 87' lang='lat' dir='ltr'>reapse</span> <span class='ocrx_word' id='word_1_135' title='bbox 398 2610 584 2702; x_wconf 89' lang='lat' dir='ltr'>politiores</span> <span class='ocrx_word' id='word_1_136' title='bbox 602 2610 669 2678; x_wconf 89' lang='lat' dir='ltr'>viri</span> <span class='ocrx_word' id='word_1_137' title='bbox 685 2611 942 2692; x_wconf 90' lang='lat' dir='ltr'>consentirent,</span> <span class='ocrx_word' id='word_1_138' title='bbox 968 2609 1048 2679; x_wconf 90' lang='lat' dir='ltr'>licet</span> <span class='ocrx_word' id='word_1_139' title='bbox 1064 2610 1183 2678; x_wconf 89' lang='lat' dir='ltr'>verbis</span> <span class='ocrx_word' id='word_1_140' title='bbox 1204 2613 1246 2679; x_wconf 92' lang='lat' dir='ltr'>de</span> 
     </span>
     <span class='ocr_line' id='line_1_20' title="bbox 132 2725 1248 2817; baseline 0 -23"><span class='ocrx_word' id='word_1_141' title='bbox 132 2725 264 2794; x_wconf 90' lang='lat' dir='ltr'>finibus</span> <span class='ocrx_word' id='word_1_142' title='bbox 286 2725 464 2795; x_wconf 90' lang='lat' dir='ltr'>bonorum</span> <span class='ocrx_word' id='word_1_143' title='bbox 491 2728 741 2817; x_wconf 90' lang='lat' dir='ltr'>malorumque</span> <span class='ocrx_word' id='word_1_144' title='bbox 766 2726 920 2794; x_wconf 91' lang='lat' dir='ltr'>invicem</span> <span class='ocrx_word' id='word_1_145' title='bbox 936 2725 1165 2795; x_wconf 87' lang='lat' dir='ltr'>dissiderent.</span> <span class='ocrx_word' id='word_1_146' title='bbox 1189 2725 1248 2798; x_wconf 89' lang='lat' dir='ltr'>Sic</span> 
     </span>
     <span class='ocr_line' id='line_1_21' title="bbox 132 2825 1248 2934; baseline 0.001 -25"><span class='ocrx_word' id='word_1_147' title='bbox 132 2840 505 2934; x_wconf 88' lang='lat' dir='ltr'>Atticus,quanquam</span> <span class='ocrx_word' id='word_1_148' title='bbox 525 2825 908 2933; x_wconf 86' lang='lat' dir='ltr'>epicureus,nonnulla</span> <span class='ocrx_word' id='word_1_149' title='bbox 921 2841 1087 2913; x_wconf 89' lang='lat' dir='ltr'>Ciceroni</span> <span class='ocrx_word' id='word_1_150' title='bbox 1103 2865 1248 2910; x_wconf 90' lang='lat' dir='ltr'>conces·</span> 
     </span>
     <span class='ocr_line' id='line_1_22' title="bbox 134 2957 1248 3050; baseline 0.001 -24"><span class='ocrx_word' id='word_1_151' title='bbox 134 2976 239 3043; x_wconf 89' lang='lat' dir='ltr'>serat,</span> <span class='ocrx_word' id='word_1_152' title='bbox 257 2957 301 3026; x_wconf 91' lang='lat' dir='ltr'>ab</span> <span class='ocrx_word' id='word_1_153' title='bbox 333 2957 479 3049; x_wconf 89' lang='lat' dir='ltr'>Epicuri</span> <span class='ocrx_word' id='word_1_154' title='bbox 509 2957 672 3028; x_wconf 89' lang='lat' dir='ltr'>doctrina</span> <span class='ocrx_word' id='word_1_155' title='bbox 697 2959 802 3050; x_wconf 89' lang='lat' dir='ltr'>plane</span> <span class='ocrx_word' id='word_1_156' title='bbox 830 2957 944 3026; x_wconf 89' lang='lat' dir='ltr'>aliena</span> <span class='ocrx_word' id='word_1_157' title='bbox 962 2961 1031 3048; x_wconf 86' lang='lat' dir='ltr'>(r);</span> <span class='ocrx_word' id='word_1_158' title='bbox 1057 2959 1108 3026; x_wconf 90' lang='lat' dir='ltr'>sic</span> <span class='ocrx_word' id='word_1_159' title='bbox 1140 2958 1248 3028; x_wconf 91' lang='lat' dir='ltr'>etiam</span> 
     </span>
     <span class='ocr_line' id='line_1_23' title="bbox 133 3073 1247 3165; baseline 0 -25"><span class='ocrx_word' id='word_1_160' title='bbox 133 3075 257 3158; x_wconf 88' lang='lat' dir='ltr'>Varr0,</span> <span class='ocrx_word' id='word_1_161' title='bbox 276 3073 407 3146; x_wconf 90' lang='lat' dir='ltr'>Stoicis</span> <span class='ocrx_word' id='word_1_162' title='bbox 428 3075 641 3165; x_wconf 92' lang='lat' dir='ltr'>plerumque</span> <span class='ocrx_word' id='word_1_163' title='bbox 659 3076 793 3157; x_wconf 89' lang='lat' dir='ltr'>favens,</span> <span class='ocrx_word' id='word_1_164' title='bbox 807 3075 842 3142; x_wconf 91' lang='lat' dir='ltr'>in</span> <span class='ocrx_word' id='word_1_165' title='bbox 860 3074 1078 3164; x_wconf 90' lang='lat' dir='ltr'>quibusdam</span> <span class='ocrx_word' id='word_1_166' title='bbox 1097 3074 1141 3141; x_wconf 90' lang='lat' dir='ltr'>ab</span> <span class='ocrx_word' id='word_1_167' title='bbox 1159 3075 1247 3164; x_wconf 91' lang='lat' dir='ltr'>Epi-</span> 
     </span>
     <span class='ocr_line' id='line_1_24' title="bbox 68 3189 1309 3280; baseline -0.005 -18"><span class='ocrx_word' id='word_1_168' title='bbox 68 3255 73 3262; x_wconf 89' lang='lat'>.</span> <span class='ocrx_word' id='word_1_169' title='bbox 133 3211 219 3258; x_wconf 89' lang='lat' dir='ltr'>curo</span> <span class='ocrx_word' id='word_1_170' title='bbox 235 3207 379 3260; x_wconf 89' lang='lat' dir='ltr'>steterat</span> <span class='ocrx_word' id='word_1_171' title='bbox 392 3192 449 3280; x_wconf 79' lang='lat' dir='ltr'>(a).</span> <span class='ocrx_word' id='word_1_172' title='bbox 465 3193 606 3260; x_wconf 83' lang='lat' dir='ltr'>Novam</span> <span class='ocrx_word' id='word_1_173' title='bbox 623 3192 713 3260; x_wconf 90' lang='lat' dir='ltr'>hanc</span> <span class='ocrx_word' id='word_1_174' title='bbox 733 3210 891 3259; x_wconf 84' lang='lat' dir='ltr'>romanae</span> <span class='ocrx_word' id='word_1_175' title='bbox 908 3189 1146 3280; x_wconf 89' lang='lat' dir='ltr'>philosophiae</span> <span class='ocrx_word' id='word_1_176' title='bbox 1164 3211 1249 3257; x_wconf 90' lang='lat' dir='ltr'>con·</span> <span class='ocrx_word' id='word_1_177' title='bbox 1306 3205 1309 3209; x_wconf 77' lang='grc'><em>’</em></span> 
     </span>
     <span class='ocr_line' id='line_1_25' title="bbox 134 3305 1249 3397; baseline -0.002 -22"><span class='ocrx_word' id='word_1_178' title='bbox 134 3305 328 3392; x_wconf 83' lang='lat' dir='ltr'>dicionem,</span> <span class='ocrx_word' id='word_1_179' title='bbox 344 3328 425 3397; x_wconf 87' lang='lat' dir='ltr'>quae</span> <span class='ocrx_word' id='word_1_180' title='bbox 442 3329 483 3375; x_wconf 91' lang='lat' dir='ltr'>eo</span> <span class='ocrx_word' id='word_1_181' title='bbox 498 3307 637 3376; x_wconf 88' lang='lat' dir='ltr'>valebat</span> <span class='ocrx_word' id='word_1_182' title='bbox 657 3324 696 3375; x_wconf 91' lang='lat' dir='ltr'>ut</span> <span class='ocrx_word' id='word_1_183' title='bbox 717 3308 811 3377; x_wconf 89' lang='lat' dir='ltr'>inter</span> <span class='ocrx_word' id='word_1_184' title='bbox 835 3305 976 3378; x_wconf 90' lang='lat' dir='ltr'>Stoicos</span> <span class='ocrx_word' id='word_1_185' title='bbox 994 3323 1028 3376; x_wconf 92' lang='lat' dir='ltr'>et</span> <span class='ocrx_word' id='word_1_186' title='bbox 1052 3305 1249 3396; x_wconf 82' lang='lat' dir='ltr'>Epicureos</span> 
     </span>
     <span class='ocr_line' id='line_1_26' title="bbox 134 3420 1250 3514; baseline -0.002 -24"><span class='ocrx_word' id='word_1_187' title='bbox 134 3422 323 3492; x_wconf 88' lang='lat' dir='ltr'>concordia</span> <span class='ocrx_word' id='word_1_188' title='bbox 340 3423 506 3514; x_wconf 86' lang='lat' dir='ltr'>quaedam</span> <span class='ocrx_word' id='word_1_189' title='bbox 531 3423 566 3491; x_wconf 94' lang='lat' dir='ltr'>in</span> <span class='ocrx_word' id='word_1_190' title='bbox 593 3424 731 3514; x_wconf 89' lang='lat' dir='ltr'>agendo</span> <span class='ocrx_word' id='word_1_191' title='bbox 750 3423 859 3508; x_wconf 87' lang='lat' dir='ltr'>fieret,</span> <span class='ocrx_word' id='word_1_192' title='bbox 877 3422 973 3490; x_wconf 88' lang='lat' dir='ltr'>haud</span> <span class='ocrx_word' id='word_1_193' title='bbox 1001 3421 1074 3489; x_wconf 92' lang='lat' dir='ltr'>scio</span> <span class='ocrx_word' id='word_1_194' title='bbox 1101 3420 1250 3511; x_wconf 89' lang='lat' dir='ltr'>anquis</span> 
     </span>
     <span class='ocr_line' id='line_1_27' title="bbox 134 3537 1251 3630; baseline -0.002 -24"><span class='ocrx_word' id='word_1_195' title='bbox 134 3537 274 3606; x_wconf 80' lang='lat' dir='ltr'>felicius</span> <span class='ocrx_word' id='word_1_196' title='bbox 298 3562 408 3629; x_wconf 90' lang='lat' dir='ltr'>quam</span> <span class='ocrx_word' id='word_1_197' title='bbox 435 3539 610 3608; x_wconf 90' lang='lat' dir='ltr'>Horatius</span> <span class='ocrx_word' id='word_1_198' title='bbox 636 3538 953 3630; x_wconf 86' lang='lat' dir='ltr'>repraesentaverit.</span> <span class='ocrx_word' id='word_1_199' title='bbox 988 3537 1126 3606; x_wconf 91' lang='lat' dir='ltr'>Recisis</span> <span class='ocrx_word' id='word_1_200' title='bbox 1154 3537 1251 3606; x_wconf 92' lang='lat' dir='ltr'>enim</span> 
     </span>
     <span class='ocr_line' id='line_1_28' title="bbox 137 3653 1249 3746; baseline -0.002 -24"><span class='ocrx_word' id='word_1_201' title='bbox 137 3675 217 3744; x_wconf 87' lang='lat' dir='ltr'>quae</span> <span class='ocrx_word' id='word_1_202' title='bbox 236 3654 270 3723; x_wconf 91' lang='lat' dir='ltr'>in</span> <span class='ocrx_word' id='word_1_203' title='bbox 290 3675 439 3746; x_wconf 88' lang='lat' dir='ltr'>utraque</span> <span class='ocrx_word' id='word_1_204' title='bbox 473 3655 662 3746; x_wconf 88' lang='lat' dir='ltr'>disciplina</span> <span class='ocrx_word' id='word_1_205' title='bbox 696 3656 847 3724; x_wconf 90' lang='lat' dir='ltr'>modum</span> <span class='ocrx_word' id='word_1_206' title='bbox 878 3656 1045 3724; x_wconf 86' lang='lat' dir='ltr'>excedere</span> <span class='ocrx_word' id='word_1_207' title='bbox 1068 3653 1249 3738; x_wconf 91' lang='lat' dir='ltr'>videntur,</span> 
     </span>
     <span class='ocr_line' id='line_1_29' title="bbox 136 3769 1252 3861; baseline -0.001 -23"><span class='ocrx_word' id='word_1_208' title='bbox 136 3769 226 3839; x_wconf 93' lang='lat' dir='ltr'>nihil</span> <span class='ocrx_word' id='word_1_209' title='bbox 251 3769 322 3840; x_wconf 88' lang='lat' dir='ltr'>fere</span> <span class='ocrx_word' id='word_1_210' title='bbox 338 3771 530 3861; x_wconf 91' lang='lat' dir='ltr'>Epicureis</span> <span class='ocrx_word' id='word_1_211' title='bbox 555 3772 718 3840; x_wconf 88' lang='lat' dir='ltr'>concedit</span> <span class='ocrx_word' id='word_1_212' title='bbox 739 3772 837 3861; x_wconf 90' lang='lat' dir='ltr'>quod</span> <span class='ocrx_word' id='word_1_213' title='bbox 871 3770 1072 3861; x_wconf 88' lang='lat' dir='ltr'>graviorem</span> <span class='ocrx_word' id='word_1_214' title='bbox 1090 3769 1134 3838; x_wconf 91' lang='lat' dir='ltr'>iis</span> <span class='ocrx_word' id='word_1_215' title='bbox 1156 3770 1252 3860; x_wconf 92' lang='lat' dir='ltr'>apud</span> 
     </span>
    </p>
   </div>
   <div class='ocr_carea' id='block_1_3' title="bbox 173 4029 910 4193">
    <p class='ocr_par' dir='ltr' id='par_1_4' title="bbox 173 4029 910 4193">
     <span class='ocr_line' id='line_1_30' title="bbox 173 4029 881 4104; baseline -0.001 -18"><span class='ocrx_word' id='word_1_216' title='bbox 173 4031 211 4102; x_wconf 77' lang='lat' dir='ltr'>(r)</span> <span class='ocrx_word' id='word_1_217' title='bbox 233 4029 281 4090; x_wconf 86' lang='lat' dir='ltr'>ef.</span> <span class='ocrx_word' id='word_1_218' title='bbox 298 4031 424 4102; x_wconf 71' lang='lat' dir='ltr'>Furor,</span> <span class='ocrx_word' id='word_1_219' title='bbox 444 4031 549 4088; x_wconf 79' lang='lat' dir='ltr'>Thetis</span> <span class='ocrx_word' id='word_1_220' title='bbox 561 4030 590 4087; x_wconf 81' lang='lat' dir='ltr'>in</span> <span class='ocrx_word' id='word_1_221' title='bbox 607 4031 831 4104; x_wconf 85' lang='lat' dir='ltr'>Atticum‚·cap.</span> <span class='ocrx_word' id='word_1_222' title='bbox 853 4047 881 4085; x_wconf 89' lang='lat'>1.</span> 
     </span>
     <span class='ocr_line' id='line_1_31' title="bbox 174 4118 910 4193; baseline 0.005 -20"><span class='ocrx_word' id='word_1_223' title='bbox 174 4121 211 4191; x_wconf 79' lang='lat' dir='ltr'>(a)</span> <span class='ocrx_word' id='word_1_224' title='bbox 234 4119 282 4177; x_wconf 87' lang='lat' dir='ltr'>Cf.</span> <span class='ocrx_word' id='word_1_225' title='bbox 291 4120 325 4176; x_wconf 90' lang='lat' dir='ltr'>G.</span> <span class='ocrx_word' id='word_1_226' title='bbox 344 4121 493 4187; x_wconf 71' lang='lat' dir='ltr'>Romamn,</span> <span class='ocrx_word' id='word_1_227' title='bbox 511 4122 562 4178; x_wconf 85' lang='lat' dir='ltr'>Et.</span> <span class='ocrx_word' id='word_1_228' title='bbox 579 4136 631 4176; x_wconf 85' lang='lat' dir='ltr'>sur</span> <span class='ocrx_word' id='word_1_229' title='bbox 652 4120 779 4189; x_wconf 81' lang='lat' dir='ltr'>Varron,</span> <span class='ocrx_word' id='word_1_230' title='bbox 795 4136 823 4193; x_wconf 86' lang='lat' dir='ltr'>p.</span> <span class='ocrx_word' id='word_1_231' title='bbox 844 4118 910 4177; x_wconf 83' lang='lat'>115.</span> 
     </span>
    </p>
   </div>
   <div class='ocr_carea' id='block_1_4' title="bbox 0 0 1496 5084">
    <p class='ocr_par' dir='ltr' id='par_1_5' title="bbox 0 0 1496 5084">
     <span class='ocr_line' id='line_1_32' title="bbox 0 0 1496 5084; baseline 0 0"><span class='ocrx_word' id='word_1_232' title='bbox 0 0 1496 5084; x_wconf 95' lang='lat' dir='ltr'> </span> 
     </span>
    </p>
   </div>
  </div>
 </body>
</html>
