2970 5280
638 486 816 554 ...38-

174 614 1288 720 ventuspulverisatquesolispatiens,equitandoetluctando,

174 747 336 816 membra
364 748 455 814 duro
485 746 605 814 labore
642 761 790 829 exercet,
818 767 891 836 quo
921 742 1159 814 cives'Roma
1189 745 1296 822 domi,

175 863 330 953 bellique
343 863 457 931 bonos
470 884 611 953 semper
630 862 770 930 babeat.
783 864 918 954 Verum
936 886 980 931 ne
995 861 1132 931 diutius
1149 860 1291 931 mireris

177 979 287 1048 beatae

408 1105 539 1158 Fumum
554 1115 583 1160 et
607 1121 680 1176 opes
695 1103 917 1177 strepitumque
934 1105 1038 1159 Romae

177 1274 299 1325 monet
313 1257 592 1344 Horatius(1),et
609 1256 734 1324 invitat
750 1257 1292 1338 utsecumdescendasadmare,

178 1375 232 1441 vel
248 1374 291 1441 ad
310 1373 417 1440 colles
434 1372 649 1440 Tiburtinos
665 1373 861 1464 confugias,
882 1372 1082 1463 praesertim
1098 1394 1180 1440 cum
1199 1373 1293 1440 calor

178 1489 322 1558 adducit
338 1489 453 1556 febres
472 1511 535 1557 nec
551 1507 694 1578 poetam
710 1488 885 1557 inertibus
900 1489 997 1557 boris
1013 1488 1082 1557 frui
1099 1488 1193 1556 sinit.

222 1607 401 1674 Jamvero
424 1604 452 1672 si
482 1605 570 1673 velis
601 1605 741 1673 Italiam
774 1608 1000 1696 perlustrare,
1020 1605 1133 1673 fidum
1165 1607 1294 1673 ducem

180 1723 288 1790 babes
305 1721 366 1812 qui
385 1721 583 1812 praecipuas
600 1721 720 1805 urbes,
739 1722 867 1790 fluvios
883 1739 917 1790 et
935 1739 1075 1790 montes
1089 1744 1159 1789 non
1178 1724 1296 1790 solum

181 1839 326 1907 nomine
354 1838 569 1929 designabit,
600 1839 661 1906 sed
686 1837 730 1905 iis
759 1838 866 1906 etiam
896 1838 1077 1906 coloribus
1112 1838 1295 1929 depinget,

181 1955 347 2046 quibusa
371 1971 495 2022 natura
521 1954 675 2044 sumptis
696 1953 785 2022 nihil
812 1977 974 2043 unquam
996 1971 1152 2022 vetustas
1180 1957 1296 2023 detra-

182 2072 252 2139 hat.
271 2072 386 2139 Roma
398 2092 607 2160 egressurus
625 2088 664 2137 ut
681 2071 735 2138 via
748 2070 940 2138 Tiburtina
957 2072 1001 2138 ad
1025 2071 1296 2139 dilectissimam

181 2206 295 2279 poetae
312 2189 509 2278 regionem,
527 2189 674 2255 alteram
693 2187 769 2282 ejus
790 2188 891 2277 quasi
906 2189 1070 2278 patriam,
1088 2190 1296 2272 contendas,

182 2304 317 2395 respice
346 2305 389 2371 ad
421 2303 642 2394 Aquilonem
672 2322 710 2371 ut
744 2321 813 2371 stet
849 2302 1011 2386 Soracte,
1041 2326 1104 2393 per
1142 2305 1298 2373 acriores

184 2421 319 2488 hiemes
342 2420 422 2487 nive
455 2419 649 2487 candidum
664 2422 726 2507 (2).
748 2419 817 2490 Sed
849 2420 919 2507 jam
954 2420 1096 2487 Latium
1126 2420 1225 2488 ferox
1252 2421 1298 2511 (3)

183 2536 366 2625 ingressus
384 2558 434 2619 es,
452 2554 486 2603 et
508 2558 600 2618 mor,
621 2535 766 2602 omissis
787 2536 830 2603 ad
844 2537 1005 2604 dextram
1026 2537 1177 2604 Albanis
1195 2558 1299 2605 mon-

182 2653 279 2720 tibus
296 2671 329 2720 et
341 2651 447 2720 nivali
461 2651 592 2741 Algido
604 2653 664 2739 (4),
681 2651 798 2719 Tibur
813 2651 901 2720 illud
920 2651 1048 2735 cernis,
1066 2653 1192 2720 declivi
1211 2655 1300 2720 colle

184 2769 355 2858 supinum
371 2767 487 2835 Tibur
508 2769 564 2855 (5).
583 2766 676 2855 Quis
702 2767 854 2835 miretur
873 2768 1158 2836 amoenissimam
1190 2770 1301 2836 bance

184 2885 365 2973 regionem
391 2885 479 2950 adeo
507 2884 632 2951 Flacco
663 2883 851 2972 placuisse,
876 2902 915 2951 ut
941 2906 1018 2952 eam
1050 2885 1153 2974 regiae
1174 2885 1301 2954 Romae

184 2999 364 3090 praeferret
379 3001 437 3087 (6),
453 3016 487 3067 et
507 2998 655 3066 effusius
674 2998 780 3066 solito
797 3001 1039 3068 describeret?
1056 3002 1162 3070 Nunc
1180 3001 1301 3069 laudat

185 3114 270 3183 mite
283 3117 402 3183 solum
418 3114 566 3182 Tiburis
578 3132 611 3182 et
629 3113 761 3183 moenia
778 3114 885 3184 Catili
904 3118 961 3205 (7),
985 3138 1079 3183 nunc
1094 3139 1205 3206 aquas
1220 3138 1301 3206 quae

184 3227 300 3298 Tibur
316 3229 430 3299 fertile
447 3231 638 3320 praefluunt
652 3231 712 3321 (8).
731 3230 830 3318 Quid
848 3230 965 3299 dicam
989 3233 1032 3298 de
1057 3231 1118 3299 illo
1141 3234 1299 3300 carmine

219 3490 257 3559 (ι)
279 3488 385 3544 Carm.
399 3505 440 3558 ιιι,
458 3507 504 3561 29,
528 3508 571 3544 ιι.

219 3579 256 3650 (ι)
278 3577 382 3633 Carm.
403 3596 426 3647 1,
442 3595 470 3650 9.
489 3596 512 3632 1.

219 3667 258 3738 (3)
279 3666 388 3723 Carm.
412 3685 434 3732 ι,
453 3667 498 3737 35,
520 3685 562 3723 ιο.

221 3758 258 3828 (4)
279 3756 383 3812 Carm.
394 3774 436 3825 111,
455 3755 530 3828 23,9

218 3847 257 3917 (5)
279 3845 388 3902 Carm.
407 3863 448 3911 ιιι,
462 3863 491 3915 4,
513 3845 558 3900 23.

221 3935 257 4006 (ὁ)
279 3935 381 4008 EVM·
406 3952 429 4003 ¹5
446 3953 473 4006 7⁹
488 3952 540 4005 44¹

221 4025 260 4096 (7)
282 4023 391 4080 Carm.
416 4043 438 4092 1,
455 4025 498 4092 18,
515 4042 543 4081 2.

221 4113 262 4183 (8)
283 4112 392 4169 Carm.
415 4131 454 4181 ιι,
473 4113 498 4179 3,
524 4132 557 4168 1o
