2970 5280
421 675 568 730 lmmunis
583 691 664 730 aram
679 674 704 730 si
719 673 817 748 tetigit
831 693 950 746 manus,

420 764 491 821 Non
507 775 686 836 sumptuosa
702 763 844 820 blandior
859 764 960 820 hostia

471 851 602 908 Mollivit
615 869 738 911 aversos
756 853 886 909 Penates

541 943 633 998 Farre
649 941 700 1014 pio
720 954 749 999 et
769 941 895 998 saliente
911 943 987 999 mica
1004 944 1057 1014 (ι).

134 1077 308 1144 Praeclara
323 1076 474 1165 quidem
494 1075 682 1161 sententia,
699 1098 780 1144 vere
800 1076 1016 1167 philosopho
1034 1077 1111 1146 viro
1131 1078 1251 1171 digna,

132 1215 174 1261 ex
205 1192 390 1283 Euripide,
412 1210 452 1261 ut
481 1193 635 1277 videtur,
655 1193 845 1284 desumpta
866 1193 930 1282 (2)3
946 1216 1026 1283 quae
1053 1211 1171 1263 tamen
1193 1219 1253 1264 su-

130 1309 356 1400 perstitionis
387 1310 557 1379 morbum
584 1324 746 1393 testatur,
776 1310 862 1378 dum
888 1310 1092 1379 remedium
1124 1335 1255 1403 suppe-

134 1426 237 1496 ditat.

177 1542 257 1611 lam
283 1564 368 1610 vero
402 1543 553 1610 deorum
572 1543 709 1611 cultum
740 1543 774 1610 in
794 1542 974 1610 exitialem
1006 1559 1255 1634 contemptum

133 1659 252 1728 abisse
270 1681 343 1726 non
369 1659 479 1726 semel
493 1659 656 1748 queritur
672 1661 735 1747 (3),
753 1659 890 1726 sincera
913 1682 957 1727 an
988 1659 1068 1742 ficta
1090 1659 1254 1750 indigna·

17 1843 43 1858 ,,
134 1775 233 1843 tione
255 1774 344 1842 nihil
361 1797 455 1843 nunc
473 1776 517 1843 ad
539 1795 626 1844 nos:
652 1776 713 1843 sed
742 1797 822 1865 quae
840 1777 933 1843 mala
951 1775 1102 1844 deorum
1138 1776 1256 1867 negle-

135 1891 295 1981 gentiam
312 1891 484 1982 consequi
500 1893 639 1960 soleant
664 1891 825 1980 ejusdem
849 1891 1006 1960 carmina
1027 1892 1159 1982 saepius
1190 1909 1255 1960 tes·

133 2024 268 2077 tantur.
290 2007 458 2091 Romani,
473 2008 617 2076 'sublata
636 2007 670 2075 in
688 2008 774 2076 deos
792 2008 874 2090 fide,
901 2008 1130 2098 neglectaque
1164 2008 1257 2077 avita

136 2124 323 2215 religione,
342 2146 425 2192 curn
448 2123 483 2191 in
506 2123 656 2213 trepidis
678 2124 785 2191 rebus
810 2141 1038 2192 versarentur
1057 2141 1118 2192 aut
1145 2125 1256 2192 futuri

138 2240 295 2309 nimium
321 2239 492 2308 incuriosi
509 2240 552 2308 ad
573 2256 722 2308 ventura
749 2239 871 2308 omnia
901 2257 1083 2329 paverent,
1106 2242 1149 2309 ad
1175 2241 1257 2308 reli-

137 2356 263 2447 giones
280 2375 462 2425 extraneas
479 2355 734 2446 confugerunt3
749 2357 843 2424 unde
861 2356 994 2424 lactum
1010 2374 1074 2439 est,
1086 2374 1137 2438 ut,
1148 2379 1257 2446 quam

134 2472 206 2541 diis
224 2474 332 2541 fidem
348 2473 645 2554 abnuerant,eam
659 2473 938 2562 Astrologorum
953 2489 987 2540 et
1001 2471 1256 2543 Chaldaeorum

136 2589 439 2657 hariolationibus
476 2588 700 2657 adhiberent.
741 2589 862 2678 Quem
895 2590 1065 2656 morbum
1103 2590 1256 2657 Romam

134 2723 239 2775 antea
262 2706 331 2794 jann
356 2706 542 2796 irrepsisse
567 2705 711 2773 Tullius
738 2722 861 2773 auctor
890 2722 944 2773 est
960 2707 1018 2793 (4),
1046 2722 1080 2773 et
1101 2706 1257 2795 Augusti

135 2822 360 2914 temporibus
380 2839 582 2911 grassatum
599 2844 676 2889 esse
694 2821 756 2888 illo
772 2820 929 2889 carmine
946 2822 1049 2889 docet
1069 2821 1257 2904 Horatius,

135 2938 199 3006 ubi
221 2940 436 3007 Leuconoen
454 2962 473 3006 a
492 2937 674 3005 tentandis
694 2936 979 3026 Babyloniorum
998 2936 1158 3005 numeris
1175 2960 1259 3004 avo-

134 3075 214 3122 care
231 3056 350 3122 studet
366 3056 422 3142 (5).
436 3052 693 3144 Superstitioni
707 3053 883 3121 finitimus
895 3052 1089 3121 estartium
1103 3052 1257 3143 magica·

134 3191 215 3237 rum
237 3193 322 3238 usus
339 3191 348 3252 ;
363 3192 443 3260 quae
459 3192 603 3260 quoque
622 3170 716 3259 apud
745 3171 930 3238 Romanos
958 3187 1136 3258 quatenus
1156 3169 1254 3238 inva-

136 3285 269 3354 luerint
298 3287 407 3355 fidem
433 3285 515 3354 lacit
544 3288 598 3354 vel
625 3286 743 3353 solum
769 3285 856 3352 illud
878 3307 1034 3369 carmen,
1052 3308 1123 3375 quo
1154 3303 1258 3375 poeta

172 3509 210 3578 (r)
232 3507 340 3563 Carm.
361 3526 402 3577 ιιι,
421 3508 467 3571 23,
488 3526 533 3579 ¹7·

172 3597 211 3666 (ι)
234 3597 352 3662 Euan„
367 3597 483 3668 Danae,
495 3595 568 3668 frag.
586 3614 616 3666 ιι,
628 3596 676 3652 ed.
699 3596 793 3651 Didot
812 3614 818 3651 ι

424 3715 433 3745 n
453 3697 501 3746 Kal
517 3696 586 3746 θεοῖσι
605 3697 680 3765 μικροὶ
699 3697 762 3764 χειρΐ
781 3693 874 3752 θῦοντας
894 3696 948 3752 τέλη

423 3786 472 3853 Teio
483 3785 649 3853 βουθυτούντων
664 3785 730 3840 ὄντας
748 3783 916 3853 εὗσεὸεοτέρους
938 3806 949 3833 ιι

139 3890 187 3947 Cf.
205 3891 394 3960 Sroaxcvrr,
411 3908 453 3960 14.
552 3947 554 3951 ,

177 3978 215 4051 (3)
236 3979 342 4043 Carm,
359 3997 401 4043 111,
418 3979 446 4047 6,
463 3998 490 4051 7.

174 4069 216 4137 (4)
237 4069 320 4134 Cre„
338 4068 459 4124 Tuscul.
478 4086 497 4137 r,
513 4085 560 4137 40.

174 4157 212 4228 (5)
233 4157 338 4214 Carm.
356 4177 375 4222 ι,
393 4176 436 4226 ιι,
455 4176 480 4210 2.
