2970 5280
635 532 836 599 ...0,-

184 674 245 720 rus
261 668 377 738 est‚ut
387 653 500 723 rideat
514 668 710 741 nocturnos
724 654 878 723 lemures
895 655 953 742 (ι),
969 676 1044 735 seu,
1062 653 1301 745 apertioribus

185 768 316 854 verbis,
346 787 574 839 mortuorum
603 769 754 854 animaS,
782 791 861 859 quae
886 793 925 839 ex
952 768 1089 863 vulgari
1116 771 1301 840 Romano·
1405 860 1408 867 ι

185 907 266 955 rum
297 886 364 955 fide
392 886 543 955 domum
576 904 762 979 paternam
791 886 974 956 interdurn
1001 886 1156 956 revisere
1182 887 1301 954 crede-

185 1003 327 1075 bantur.

225 1118 300 1191 Diu
315 1137 537 1212 putaveram,
559 1119 774 1212 comparatis
791 1141 871 1210 quae
888 1120 932 1188 de
949 1119 1019 1187 diis
1039 1119 1213 1188 Horatius
1228 1142 1302 1210 pas·

185 1235 253 1304 sim
269 1236 304 1303 in
324 1254 399 1305 toro
416 1259 523 1326 opere
538 1234 750 1328 scripsisset,
768 1237 844 1326 ejus
863 1221 1056 1307 Sermones
1071 1236 1159 1304 adeo
1183 1235 1302 1327 lyricis

185 1352 406 1422 carminibus
424 1376 494 1422 non
513 1354 741 1444 respondere,
762 1369 800 1421 ut
818 1352 997 1422 diversam
1014 1374 1162 1444 prorsus
1180 1375 1302 1444 perso-

186 1490 268 1537 nam
288 1491 389 1561 agere
411 1470 604 1539 videretur.
633 1469 706 1559 Qui
737 1469 895 1537 enimin
925 1469 1147 1538 Brundisino
1178 1469 1302 1539 itinere

185 1604 290 1678 negat
306 1587 391 1655 deos
406 1586 574 1654 humanis
590 1586 695 1655 rebus
711 1587 911 1670 consulere,
930 1585 1026 1654 idern
1039 1585 1074 1652 in
1087 1585 1179 1657 Odis
1194 1601 1302 1677 quam

183 1703 332 1788 excelsa,
351 1725 461 1794 quarn
477 1719 571 1771 recta
585 1703 627 1771 de
644 1701 765 1771 divina
787 1700 1018 1770 Providentia
1042 1702 1201 1793 loquitur
1216 1707 1223 1771 i
1240 1703 1303 1771 Ju-

184 1819 278 1910 piter
297 1836 364 1902 est,

399 1953 460 2021 Qui
476 1964 585 2010 terram
603 1952 739 2018 inertem,
757 1951 809 2027 qui
826 1970 907 2009 mare
923 1964 1071 2026 temperat

396 2044 564 2101 Ventosum
581 2057 609 2100 et
623 2043 715 2099 urbes
731 2059 883 2116 regnaque
898 2041 1006 2110 tristia,

469 2132 623 2206 Divosque
639 2132 844 2206 mortalesque
858 2132 961 2188 turbas

510 2222 642 2298 Imperio
657 2221 733 2296 regit
745 2239 824 2278 unus
840 2238 930 2295 aequo
946 2222 993 2292 (2).

184 2399 406 2491 Supremum
428 2418 565 2471 exercet
580 2401 615 2470 in
634 2401 786 2493 populos
804 2417 838 2469 et
853 2399 1013 2469 civitates
1033 2399 1238 2482 arbitrium,
1255 2400 1303 2469 ita

183 2516 1304 2610 utdeoscolentibusprosperaomnia,negiegentibusadversa

182 2620 356 2726 rependat
384 2636 443 2724 (3),
474 2635 602 2704 delicta
632 2634 811 2723 majorum
843 2634 971 2704 solitus
998 2634 1052 2702 vel
1083 2634 1117 2701 in
1148 2633 1302 2724 posteris

180 2752 307 2820 ulcisci
325 2753 381 2840 (4).
405 2753 533 2843 Neque
558 2751 744 2821 civitatum
768 2773 851 2820 cura
870 2772 952 2819 eum
973 2775 991 2819 a
1016 2749 1168 2840 singulis
1186 2749 1304 2817 horni-

180 2867 291 2937 nibus
316 2886 453 2954 avocat,
481 2868 557 2959 qui,
581 2867 610 2935 si
631 2868 747 2936 scelus
763 2866 988 2950 admiserint,
1007 2867 1106 2935 nullo
1123 2889 1195 2934 non
1214 2883 1303 2934 tern-

179 3006 267 3076 pore
284 3003 442 3076 paratam
460 3002 603 3075 peccato
620 3007 763 3076 poenam
779 2984 928 3053 timeant
950 3006 1094 3052 necesse
1112 3000 1190 3052 est:

472 3156 550 3211 Raro
566 3154 791 3211 antecedentem
808 3153 970 3211 scelestum

506 3243 646 3301 Deseruit
663 3243 738 3317 pede
753 3260 844 3316 poeua
860 3242 970 3299 claudo
984 3243 1045 3316 (5).

181 3426 282 3495 Hin'c
298 3425 462 3516 sequitur
484 3442 648 3517 oportere
674 3441 712 3493 ut
737 3423 786 3492 dii
809 3423 961 3514 publicis
980 3423 1187 3513 sumptibus
1204 3424 1249 3510 (6)
1270 3440 1304 3490 er

217 3713 259 3782 (ι)
279 3710 377 3785 Epist.
396 3728 427 3781 ιι,
445 3727 471 3776 2,
489 3725 555 3784 209.

220 3801 260 3872 (a)
282 3800 388 3858 Carm.
404 3817 446 3870 ιιι,
460 3815 490 3870 4,
505 3799 554 3871 45.

221 3888 260 3962 (3)
281 3889 386 3947 Carm.
403 3905 445 3954 ιιι,
465 3889 495 3960 6,
513 3905 522 3944 ι
542 3904 626 3962 seqq.

218 3978 260 4048 (4)
280 3977 385 4036 Carm.
403 3995 424 4048 ι,
440 3977 485 4047 28,
502 3975 547 4034 30.

218 4067 257 4139 (5)
279 4065 385 4124 Carra.
402 4083 444 4138 ιιι,
462 4082 489 4131 2,
508 4065 557 4124 32.

216 4155 259 4228 (6)
278 4155 441 4228 Carm.u1,
458 4156 487 4219 6,
509 4175 518 4210 ι
538 4173 622 4230 seqq.
