2970 5280
604 1226 804 1311 CAPUT
842 1226 895 1308 lV

266 1771 388 1831 QUALIS
415 1773 583 1820 HORATlUS
611 1775 645 1819 ΙΝ
672 1773 834 1820 POLl'l'IClS
861 1773 964 1820 REBUS
989 1772 1162 1818 VERSATUS
1189 1772 1243 1818 st'r

195 1999 216 2052 l.
232 1999 320 2063 Hujus
333 1999 494 2063 quaestionis
505 2009 681 2048 momentum
696 2008 723 2048 et
740 1997 890 2049 difficultas
897 2015 904 2061 ;
921 2000 1005 2050 variae
1020 1999 1054 2049 de
1065 2013 1097 2048 ea
1112 1999 1273 2064 opiniones.
1292 2027 1326 2037 -

227 2079 261 2130 li.
274 2079 415 2135 Horatius,
430 2079 521 2144 primo
537 2079 697 2128 Octavianis
719 2079 844 2144 partibus
867 2079 982 2141 invisus,
998 2080 1099 2130 deinde
1114 2080 1141 2128 in
1160 2080 1327 2130 Maecenatis

228 2159 381 2209 amicitiam
396 2169 532 2224 receptus,
546 2159 660 2209 tandem
674 2159 792 2224 Augusti
809 2159 944 2209 laudator.
961 2187 993 2196 —
1008 2159 1054 2212 ΙΙΙ.
1072 2160 1208 2220 Quaenam
1224 2174 1327 2210 rerum

229 2238 358 2304 adjuncta
370 2238 465 2288 laudes
478 2239 540 2288 illas
551 2253 683 2289 excusare
694 2239 842 2288 videantur
855 2255 861 2288 :
877 2239 1006 2304 publicus
1021 2240 1048 2289 in
1061 2240 1220 2305 Augustum
1231 2237 1327 2301 favor,

229 2318 428 2368 Brutianorum
443 2318 477 2367 ad
493 2318 610 2384 Augusti
626 2329 718 2383 partes
733 2319 863 2381 accessio,
886 2318 1068 2368 callidissima
1085 2318 1201 2384 Augusti
1220 2320 1326 2384 agendi

144 2464 145 2468 Ἰ
229 2409 255 2448 ct
270 2398 485 2449 administrandi
500 2399 580 2462 ratio,
596 2397 668 2449 fidus
683 2409 709 2449 et
725 2408 820 2464 gratus
833 2399 940 2448 Horatii
958 2400 1000 2448 vel
1014 2399 1086 2448 inter
1097 2398 1214 2464 Augusti
1224 2399 1327 2449 laudes

230 2480 257 2529 in
273 2480 421 2529 Brutianos
437 2479 557 2529 animus.
579 2507 611 2517 -
628 2480 671 2529 tv.
689 2479 821 2529 Horatius
837 2479 892 2530 suis
909 2479 1082 2530 carminibus
1097 2481 1222 2544 Augusto
1239 2479 1328 2531 adsti-

231 2562 351 2624 pulatur,
369 2560 437 2609 dum
457 2559 532 2608 illius
548 2560 677 2609 inimicos
698 2560 731 2609 ad
749 2561 906 2622 epicuream
926 2560 1055 2610 inertiam
1073 2560 1246 2621 cohortatur,
1265 2561 1327 2611 Au-

230 2628 340 2706 gusteas
365 2642 438 2704 leges
464 2640 650 2701 commendat,
678 2640 808 2689 victorias
832 2640 960 2689 celebrat.
985 2668 1016 2677 -—
1035 2640 1067 2690 V.
1093 2640 1193 2690 Utrum
1215 2641 1329 2690 venalis

232 2730 385 2770 assentator
398 2719 491 2781 fuerit,
507 2734 541 2767 an
560 2720 683 2769 sincerus
697 2721 832 2769 laudator.

247 3040 274 3107 l.
297 3037 405 3122 Cum,
434 3039 600 3129 proximo
623 3055 703 3108 ante
726 3041 854 3130 capite,
880 3063 952 3130 quo
973 3041 1009 3107 in
1027 3039 1179 3131 patriam
1198 3040 1328 3109 animo

202 3155 329 3223 luisset
345 3155 519 3223 Horatius
537 3155 832 3244 expenderemus,
846 3177 916 3224 non
932 3156 1041 3222 semel
1052 3155 1201 3223 alteram
1212 3154 1328 3224 offen·

203 3271 323 3339 dimus
348 3269 587 3360 quaestionem
609 3292 692 3339 cum
708 3270 818 3361 priori
844 3271 934 3339 adeo
957 3288 1031 3340 arte
1058 3270 1264 3362 copulatam
1286 3288 1328 3339 ut

203 3408 275 3454 non
297 3386 372 3452 sine
391 3383 472 3451 nisu
492 3385 648 3473 quodam
665 3384 818 3476 separari
840 3385 923 3453 etin
942 3407 1099 3475 praesens
1120 3383 1240 3454 omitti
1259 3408 1327 3476 po-

202 3501 322 3571 tuerit.
353 3501 439 3568 Haec
467 3499 527 3567 illa
553 3500 706 3590 quaestio
732 3520 784 3570 est
816 3523 823 3568 :
854 3523 937 3570 cum
967 3502 1135 3570 Flaccum
1168 3491 1325 3588 constet,

203 3617 330 3709 primis
347 3616 598 3685 adulescentiae
616 3617 733 3701 annis,
751 3639 771 3684 a
790 3617 972 3686 Brutianis
987 3617 1151 3708 partibus
1167 3617 1326 3700 stetisse,

204 3751 310 3823 atque
323 3753 386 3823 pro
399 3731 509 3800 libera
521 3754 557 3799 re
570 3731 711 3821 publica
724 3732 902 3823 stipendia
914 3731 1101 3818 meruisse,
1116 3731 1178 3822 qui
1189 3731 1327 3802 factum

204 3869 257 3918 est
273 3867 311 3916 ut
325 3867 397 3917 tam
412 3847 545 3916 effusus
561 3847 595 3914 in
609 3848 763 3938 Augusti
777 3849 899 3917 laudes
912 3847 1202 3920 invenireturiSi
1216 3849 1327 3919 fidem

205 3964 358 4034 libertati
378 3964 497 4032 datam
523 3963 686 4048 exsolvit,
704 3965 892 4054 quomodo
912 3967 1118 4033 Romanum
1134 3964 1328 4035 etiamtum
1413 3992 1418 4001 ·

204 4082 464 4171 agnoscamus?
491 4079 528 4150 Si
553 4096 673 4149 autem
696 4081 835 4170 poetico
853 4081 1040 4151 mendacio
1064 4104 1163 4166 usus,
1189 4080 1238 4150 ita
1254 4086 1328 4151 Au·
