2970 5280
615 493 798 560 ,70-

151 640 232 687 eum
258 617 394 685 moveri
424 615 551 705 possit,
578 613 785 705 utpote'qui
811 637 903 697 eam,
924 635 1031 704 quarn
1055 612 1092 680 in
1112 611 1272 680 conscri-

152 733 278 803 bendis
306 731 526 801 carminibus
546 749 730 800 assecutus
754 748 807 799 est
829 730 994 821 gloriam,
1011 751 1095 797 cum
1119 727 1274 820 ignobili

151 850 267 918 adhuc
288 849 401 940 patria
421 865 526 938 -grato
552 847 751 916 admodum
777 846 899 915 animo
925 844 1195 914 communicare
1227 843 1276 911 vi-

153 967 291 1035 deatur.
314 966 430 1034 Hasce
449 963 547 1032 enlm
564 963 725 1055 Apollini
743 985 864 1054 preces
880 962 1026 1031 adhibet
1044 983 1052 1031 :

404 1106 531 1164 Dauniae
545 1106 672 1164 defende
688 1109 781 1163 decus
802 1107 944 1163 Camenae
959 1112 1002 1174 (1)
1016 1126 1023 1170 ;

155 1280 289 1331 etcum
310 1260 378 1328 sibi
400 1261 601 1330 immortale
626 1260 789 1329 luturum
811 1283 942 1329 nomen
961 1277 1172 1350 auguratur,
1192 1281 1282 1349 gau-

157 1380 216 1446 det
228 1379 324 1467 quod
339 1398 460 1445 secum
475 1377 978 1446 comitemlaudisVenusiam
990 1375 1026 1444 in
1038 1397 1147 1444 omne
1160 1397 1283 1445 aevum

157 1495 273 1564 trahet
292 1547 299 1562 .
407 1582 496 1638 Dicar
512 1600 570 1655 qua
582 1581 698 1638 violens
716 1581 865 1655 obstrepit
880 1579 1009 1637 Aufidus

408 1673 446 1726 Et
461 1689 521 1743 qua
537 1689 651 1744 pauper
666 1689 752 1744 aquae
771 1673 896 1727 Daunus
912 1670 1075 1743 agrestium

409 1756 553 1833 Regnavit
569 1761 764 1833 populorum,
780 1779 815 1816 ex
830 1758 936 1815 humili
952 1773 1060 1832 potens

410 1847 554 1922 Princeps
571 1848 703 1905 AEolium
720 1866 842 1905 carmen
857 1849 894 1905 ad
910 1849 1002 1904 Italos

409 1927 577 1993 Deduxisse
592 1938 743 1996 modos...
758 1940 798 2010 (2)

206 2082 418 2152 Cavendum
434 2099 487 2150 est
502 2099 620 2151 tamen
637 2105 680 2150 ne
695 2060 859 2173 grataiea,
877 2056 985 2173 quam
1006 2082 1183 2151 Horatius
1205 2105 1290 2173 per-

161 2222 254 2290 saepe
294 2215 459 2284 testatur,
496 2199 618 2289 patriae
652 2199 826 2267 memoria
860 2199 896 2266 in
931 2220 1088 2267 errorem
1122 2197 1289 2281 inducti,

163 2337 325 2384 amarum
342 2314 463 2383 nescio
477 2315 574 2405 quod
587 2315 637 2384 illi
655 2315 801 2383 subesse
814 2314 956 2383 amissae
968 2315 1154 2405 quondam
1169 2338 1191 2382 a
1206 2337 1293 2405 pro-

163 2411 290 2499 vinciis
304 2431 478 2499 libertatis
491 2432 711 2500 desiderium
732 2431 959 2501 arbitremur.
978 2431 1125 2500 Rectius
1146 2433 1292 2500 sentia-

163 2570 257 2631 mus,
279 2546 308 2614 si
322 2547 508 2616 neminem
525 2548 692 2618 Italicum
707 2549 939 2638 profiteamur
955 2547 1124 2616 disertius
1140 2548 1292 2640 scriptis

165 2663 240 2731 suis
255 2645 437 2731 'affirmare
464 2664 582 2733 Latini
603 2665 760 2732 nominis
777 2663 979 2754 provincias
997 2665 1033 2732 in
1051 2686 1167 2732 unum
1184 2665 1291 2755 regni

164 2801 307 2869 corpus,
334 2779 401 2847 sub
429 2781 588 2849 romanis
615 2780 768 2871 legibus,
791 2780 978 2848 coaluisse.
1010 2782 1065 2849 Ne
1092 2779 1292 2871 vestigium

165 2895 313 2986 quidem
330 2913 490 2963 veterum
505 2897 776 2965 inimicitiarum
795 2919 980 2987 superesse
992 2897 1108 2980 dicas3
1123 2897 1292 2988 adeoque

166 3010 339 3095 civitates,
367 3011 555 3101 permultis
583 3012 740 3081 caedibus
764 3031 867 3082 antea
892 3012 1064 3091 contritae,
1094 3034 1291 3087 romanum

167 3127 257 3195 ferre
282 3128 406 3218 jugum
431 3128 660 3219 dominaeque
685 3130 812 3199 Romae
837 3152 959 3222 parere
980 3117 1232 3222 assueverunt,
1252 3150 1293 3200 ut

168 3241 264 3311 laudi
286 3242 353 3311 sibi
375 3244 507 3312 ducant
532 3245 629 3335 quod
650 3244 686 3312 in
712 3245 853 3336 imperii
876 3245 1082 3314 societatem
1099 3264 1290 3317 vocentur.

169 3362 250 3429 Jam
269 3361 365 3428 enim
377 3360 412 3429 id
424 3360 558 3429 lactum
570 3379 623 3429 est
635 3362 723 3450 juris
735 3379 768 3430 et
782 3362 977 3431 utilitatum
990 3363 1230 3450 consortium,
1252 3384 1292 3434 ut

170 3476 440 3546 RomaetItalia
452 3477 664 3568 similequid
676 3497 817 3563 sonent,
829 3502 911 3548 cum
925 3480 1071 3547 Flaccus
1088 3480 1266 3550 exclamat
1283 3503 1290 3550 :

385 3622 506 3694 Longas
522 3638 539 3676 0
560 3614 698 3723 utiqlam,
716 3621 776 3678 dux
792 3622 882 3690 bone,
896 3622 985 3678 ferias

482 3767 483 3771 ,
525 3711 653 3766 Praestes
670 3710 828 3784 Hesperiae
844 3712 896 3782 (3),

204 3941 246 4011 (1)
268 3938 374 3996 Carm.
391 3956 430 4003 tv,
448 3940 475 4007 6,
491 3957 537 4013 27.

205 4029 244 4099 (a)
265 4027 370 4085 Carm.
385 4044 429 4099 ιιι,
447 4028 492 4094 30,
514 4046 566 4098 ¹03
582 4028 624 4084 cl.
644 4047 684 4098 tv,
700 4048 729 4104 9,
749 4049 758 4084 1
778 4046 866 4103 seqq.

206 4116 245 4188 (3)
267 4117 373 4173 Carm.
388 4135 426 4189 tv,
442 4117 469 4187 5,
482 4117 526 4191 37.
