2970 5280
659 512 840 580 „23-

238 657 365 745 Neque
381 678 464 724 vero
489 654 579 722 mihi
602 655 845 723 omittendum
863 673 916 724 est
933 658 1046 725 multa
1063 657 1216 726 inveniri
1235 680 1310 727 car-

191 771 302 856 mina,
333 771 369 838 in
402 769 533 861 quibus
567 793 638 839 non
670 771 858 840 exordium
886 772 1034 861 quidem
1068 795 1182 863 graeco
1212 773 1334 843 fonte·

192 888 363 972 manavit,
383 889 445 956 sed
466 887 596 956 nobilis
619 890 785 978 quaedam
812 891 989 959 sententia
1012 913 1082 979 qua
1101 891 1211 958 totius
1235 913 1309 958 car-

192 1003 300 1071 minis
321 1005 454 1089 anima,
473 1021 513 1073 ut
535 1005 581 1072 ita
607 1004 737 1088 dicam,
762 1005 936 1074 contineri
963 1006 1115 1074 videtur.
1142 1008 1253 1075 Modo
1273 1006 1307 1074 in

190 1120 361 1205 clausula,
383 1121 492 1188 modo
517 1121 551 1189 in
580 1111 699 1191 m‘edia
725 1141 822 1212 parte
850 1123 1060 1191 collocatam
1086 1145 1164 1190 eam
1193 1122 1316 1216 vides,

188 1239 286 1304 velut
309 1237 607 1326 pretiosissimam
630 1261 811 1329 gemmam
828 1239 990 1307 sollerter
1010 1238 1194 1323 intextam,
1213 1239 1307 1308 unde

189 1352 225 1420 in
243 1369 360 1421 totum
377 1375 468 1443 opus
485 1354 591 1422 decor
607 1371 640 1421 et
655 1354 776 1423 lumen
795 1354 1045 1444 perfundatur.
1084 1348 1090 1353 ’

234 1469 369 1536 Praeter
382 1491 440 1537 eas
452 1471 647 1537 sententias
661 1492 750 1557 quas
762 1492 802 1537 ex
813 1469 1096 1559 fragmentorum
1112 1471 1306 1560 lyricorum

188 1584 379 1654 collatione
396 1585 565 1653 novimus
582 1610 599 1654 e
613 1585 748 1655 Graecis
764 1589 808 1654 ad
820 1587 972 1654 verbum
984 1609 1094 1677 prope
1106 1608 1304 1676 expressas,

189 1700 377 1769 innumera
388 1701 456 1769 alia
466 1719 549 1769 sunt
565 1701 600 1768 in
615 1701 784 1769 universo
804 1702 944 1770 Horatii
963 1724 1068 1791 opere
1089 1702 1212 1793 lyrico,
1226 1724 1305 1792 quae

187 1839 228 1883 ex
251 1817 414 1908 diligenti
439 1818 638 1886 litterarum
663 1840 859 1909 graecarum
886 1818 1006 1887 studio
1030 1819 1174 1886 fluxisse
1204 1817 1303 1886 facile

186 1933 456 2022 deprehendas3
483 1935 685 2006 doctrinam
712 1934 792 2002 dico
817 1935 861 2002 ad
885 1935 1117 2025 theologiam,
1144 1934 1303 2024 philoso-

186 2049 323 2138 phiam,
341 2051 394 2117 vel
413 2068 548 2119 veteres
563 2050 700 2119 fabulas
712 2067 946 2141 spectantem,
958 2050 1075 2118 varios
1090 2049 1303 2118 elocutionis

186 2166 333 2255 poeticae
348 2184 509 2252 ornatus,
526 2168 654 2235 modos
669 2184 703 2234 et
718 2167 887 2235 carminis
905 2168 1028 2235 artem.
1047 2170 1098 2235 De
1118 2166 1302 2234 horatiana

185 2282 416 2371 philosophia
439 2270 554 2350 lu‘sius
576 2300 697 2373 postea
714 2283 958 2373 disquiretur3
980 2300 1094 2350 cetera
1111 2304 1206 2350 nunc
1225 2281 1303 2351 bre·

184 2397 275 2466 viter
296 2399 495 2482 absolvam,
516 2422 558 2468 ne
581 2399 722 2489 longius
739 2423 757 2467 a
776 2399 960 2489 proposito
977 2399 1139 2466 aberrare
1165 2397 1298 2466 videar.

230 2515 290 2582 IV.
323 2514 432 2598 Cum,
464 2514 605 2584 Horatii
640 2515 861 2583 carminibus
891 2515 1128 2604 perlustratis,
1179 2512 1300 2582 animo

183 2647 303 2698 tecum
319 2648 462 2720 reputas
473 2653 651 2720 quosnam
668 2633 753 2699 deos
769 2631 1003 2722 potissimum
1014 2648 1048 2698 et
1061 2630 1195 2721 quibus
1209 2631 1300 2699 colo·

184 2746 284 2815 ribus
324 2745 536 2837 depinxerit,
568 2746 728 2838 primum
765 2748 995 2815 vehementer
1027 2746 1167 2814 miraris
1202 2746 1298 2835 quod
1365 2765 1368 2770 ·

183 2884 311 2953 parum
328 2863 370 2931 de
392 2863 648 2931 vetustissimis
663 2879 696 2931 et
709 2885 790 2931 vere
807 2863 930 2952 patriis
952 2865 1200 2931 Romanorum
1215 2862 1297 2945 diis,

182 2979 382 3069 plurimum
399 3001 482 3047 vero
498 2980 541 3047 de
555 2979 678 3069 graecis
693 3001 834 3048 curasse
857 2979 1032 3048 videatur.
1050 2977 1175 3048 Minus
1191 2995 1298 3062 certe,

182 3113 222 3163 ut
234 3118 299 3186 par
311 3113 397 3180 erat,
410 3118 519 3185 quam
528 3096 708 3187 Vergilius
720 3095 999 3185 Ovidiusquead
1012 3095 1158 3185 antiqua
1173 3097 1299 3162 Romae

182 3228 217 3278 et
236 3211 347 3280 ltaliae
362 3213 523 3295 numina,
543 3213 586 3280 ad
603 3211 715 3279 avitas
732 3210 922 3302 religiones
942 3228 1133 3302 provocat;
1155 3211 1190 3279 in
1208 3233 1297 3302 grae-

181 3349 263 3395 cum
289 3327 490 3418 Olympum
518 3311 719 3396 admissum
747 3345 780 3396 te
808 3330 945 3413 credas,
974 3328 1094 3418 potius
1124 3350 1233 3417 quam
1261 3328 1296 3394 in

181 3442 384 3534 Capitolina
397 3445 540 3533 templa.
557 3443 701 3514 Sensim
713 3466 796 3511 vero
807 3444 997 3512 admiratio
1011 3443 1200 3527 minuitur,
1215 3465 1297 3511 cum

180 3560 217 3627 in
243 3581 366 3627 causas
388 3560 542 3649 inquiris
566 3583 629 3627 cur
652 3561 746 3649 apud
765 3560 956 3628 Horatium
978 3559 1080 3648 patrii
1099 3559 1149 3626 dii
1164 3559 1200 3627 in
1216 3583 1296 3649 spe-

179 3674 271 3743 ciem
288 3677 546 3766 neglegantur:
571 3698 661 3765 quas
683 3676 831 3765 quidem
850 3699 975 3744 causas
994 3676 1088 3744 haud
1107 3673 1296 3744 difficulter

180 3791 348 3881 reperies,
369 3793 478 3859 modo
496 3793 539 3859 ad
557 3791 734 3860 horatiani
757 3791 876 3882 operis
895 3793 1121 3881 propositum
1139 3813 1294 3881 praesen·

178 3924 322 3996 temque
341 3888 810 3998 romanarumreligionum
834 3907 1083 3976 condicionem
1112 3908 1293 3999 respicias.

178 4023 330 4113 Lyricus
346 4041 443 4091 vates
463 4041 528 4107 est,
546 4040 594 4107 et,
610 4046 691 4092 cum
715 4025 801 4091 deos
819 4023 926 4107 canit,
949 4040 1090 4114 oportet
1106 4023 1151 4092 iis
1167 4023 1293 4113 imagi-

179 4138 287 4207 nibus
308 4139 522 4227 induantur,
542 4140 585 4207 iis
610 4140 791 4208 coloribus
816 4139 1056 4235 depingantur
1076 4140 1139 4232 qui
1161 4139 1293 4210 divinae
