2970 5280
669 532 713 544 ..
736 495 783 561 50
806 531 851 543 .-

196 659 373 706 concusso
386 657 528 726 semper
544 656 665 705 amore
682 634 942 726 diligere,dum
957 636 1001 704 ab
1020 635 1179 704 inimicis
1196 635 1319 706 homi-

195 753 305 821 nibus
322 774 402 822 eam
426 751 555 844 praedae
580 751 703 820 haberi
721 751 851 836 credis,
869 750 950 842 quis
974 769 1078 842 neget
1094 767 1134 820 ut
1155 751 1322 820 laudabi-

197 870 270 938 lem
289 869 336 938 ita
361 869 514 938 maxime
531 869 680 936 arduam
699 890 776 936 esse
798 871 975 958 operam?
995 867 1176 957 Equidem
1200 867 1324 937 ausim

198 984 374 1055 affirmare
403 1007 462 1053 eas
505 985 733 1076 publicarum
774 1006 895 1053 rerum
929 984 1182 1054 conversiones
1220 986 1324 1053 velut

199 1101 438 1171 certissimam
465 1100 635 1170 exsistere
652 1101 725 1170 veri
745 1101 782 1168 in
796 1103 948 1192 patriam
965 1101 1098 1170 amoris
1114 1101 1322 1170 obrussam.

199 1218 305 1286 Haud
315 1217 417 1285 aliter
428 1217 602 1285 sentiebat
618 1219 815 1308 agebatque
827 1239 981 1309 magnus
994 1217 1053 1286 ille
1066 1219 1324 1287 Romanorum

198 1350 332 1416 orator,
349 1332 424 1422 qui,
442 1356 614 1424 oppressa
634 1358 654 1403 a
671 1332 812 1404 Caesare
829 1355 865 1401 re
884 1333 1042 1425 publica,
1054 1334 1099 1402 ad
1118 1333 1325 1403 litterarum

199 1449 318 1517 studia
347 1449 574 1540 confugiebat
604 1477 621 1514 a
650 1449 907 1539 utprodesset
933 1449 1071 1518 civibus
1088 1448 1164 1518 suis
1184 1472 1259 1540 qua
1285 1472 1324 1518 re

199 1587 356 1655 cumque
376 1582 496 1656 posset
514 1568 605 1655 »(1).

242 1681 337 1752 Cum
359 1680 500 1751 Horatii
527 1698 612 1750 aetas
634 1681 669 1749 in
697 1681 833 1751 similes
856 1683 979 1751 turbas
1011 1682 1188 1765 inciderit,
1220 1683 1322 1752 haud

199 1795 297 1888 parvi
314 1797 486 1865 momenti
510 1797 575 1866 erit
593 1796 637 1864 ad
658 1797 747 1866 illud
764 1798 979 1866 solvendum
1003 1799 1102 1887 quod
1119 1797 1323 1888 quaerimus

197 1936 238 1982 ea
251 1913 408 1981 carmina
424 1932 585 1982 excutere
602 1934 682 2003 quae
698 1914 742 1981 de
759 1914 861 1983 bellis
879 1913 1045 1982 civilibus
1057 1937 1076 1983 a
1088 1914 1321 2006 Philippensi

197 2028 296 2096 clade
318 2029 363 2097 ad
381 2029 564 2098 Actiacam
578 2052 738 2121 pugnarn
753 2030 908 2119 scripsit.
923 2032 1050 2121 Neque
1067 2032 1125 2099 hic
1142 2031 1322 2101 insudan-

200 2144 289 2211 dum
304 2166 446 2227 censeo,
462 2162 501 2213 ut
516 2145 672 2214 sciamus
690 2169 762 2236 quo
780 2147 950 2236 quodque
966 2168 1108 2215 carmen
1118 2169 1213 2215 anno
1235 2169 1324 2236 pro-

196 2259 314 2344 dierit,
335 2277 473 2329 antean
490 2279 571 2352 post
589 2261 730 2329 Horatii
749 2284 831 2329 cum
850 2263 1044 2331 Maecenate
1064 2279 1098 2332 et
1113 2260 1320 2332 Octaviano

200 2375 397 2445 amicitiam
415 2397 422 2444 :
440 2399 522 2445 cum
551 2377 649 2446 enim
677 2399 731 2445 res
752 2394 805 2445 est
822 2400 903 2468 quae
930 2377 1043 2469 magis
1061 2377 1187 2467 conjici
1207 2401 1324 2469 quarn

196 2508 293 2561 certo
309 2493 478 2561 constitui
493 2493 620 2584 possit,
640 2509 718 2561 tum
747 2493 844 2582 parvi
876 2495 919 2563 ad
937 2493 1163 2585 propositum
1196 2493 1323 2565 refert.

198 2609 281 2677 Non
297 2608 394 2677 enim
412 2631 507 2678 nunc
523 2608 721 2699 quaerimus
737 2610 870 2698 quibus
889 2609 1064 2678 Horatius
1080 2609 1241 2699 partibus
1260 2612 1323 2680 ad·

197 2723 354 2809 haeserit,
371 2724 433 2793 sed
448 2747 520 2815 quo
538 2748 574 2792 se
591 2725 625 2792 in
641 2725 924 2815 patriamanimo
937 2725 1099 2815 gesserit,
1114 2726 1202 2794 dum
1216 2727 1325 2796 bellis

199 2839 365 2908 civilibus
380 2863 419 2909 ea
433 2840 714 2911 conflictaretur.

190 2999 193 3007 -
241 2957 309 3024 Vix
328 2957 515 3041 Horatius,
539 2957 735 3047 profligatis
754 2957 797 3024 ad
815 2957 1005 3047 Philippos
1022 2957 1124 3026 Bruti
1139 2958 1323 3048 partibus,

198 3073 354 3140 Romam
380 3071 544 3156 redierat,
573 3071 712 3142 attritas
738 3073 899 3141 fortunas
921 3073 1142 3142 carminibus
1161 3077 1324 3144 conscri-

197 3187 326 3256 bendis
342 3205 571 3278 reparaturus
588 3191 649 3280 (a),
665 3211 761 3273 cum,
784 3206 857 3258 tota
873 3188 975 3258 Italia
998 3188 1202 3258 dividendis
1227 3190 1326 3262 inter

196 3321 384 3374 veteranos
403 3304 497 3396 agris
514 3306 668 3390 turbata,
698 3306 896 3396 Fulvioque
920 3306 1106 3374 consulem
1135 3307 1174 3374 L.
1201 3309 1324 3377 Anto·

199 3420 313 3504 nium,
338 3421 536 3490 Triumviri
562 3421 720 3506 fratrem,
738 3422 910 3489 adversus
933 3421 1174 3492 Octavianum
1190 3423 1325 3495 acriter

196 3535 412 3620 concitante,
444 3559 534 3606 nova
560 3538 652 3605 bella
686 3537 784 3606 brevi
813 3559 978 3606 exarsura
1011 3537 1104 3607 inter
1131 3540 1325 3610 Romanos

197 3651 372 3721 intellexit
385 3653 443 3740 (3).
455 3654 538 3722 Non
556 3654 720 3743 estquod
736 3653 923 3738 miremur,
940 3654 968 3722 si
987 3655 1147 3744 optimus
1162 3654 1325 3748 quisque

234 3931 271 3999 (ι)
288 3931 364 3999 Crc.‚
381 3929 417 3986 de
431 3931 620 4002 Divinat.,11,
637 3887 665 3998 a,
678 3949 705 4002 7.

232 4020 274 4089 (2)
290 4019 388 4094 Epist.
404 4037 438 4090 ιι,
455 4038 482 4087 2,
505 4022 550 4078 50.

232 4106 273 4178 (3)
287 4108 378 4185 Arm,
393 4108 458 4165 Bel.
475 4109 528 4165 civ.
546 4126 574 4183 v,
593 4110 625 4165 18
641 4124 726 4186 seqq.
742 4140 775 4150 -
790 4110 858 4165 Dro.
873 4108 955 4180 Cas,
971 4125 1072 4179 xuvm,
1090 4129 1107 4183 9
1123 4124 1209 4182 seqq.
