2970 5280
635 505 839 570 ,ψ

179 626 308 718 Igitur,
327 627 424 717 quod
440 625 499 694 alii
518 626 552 694 in
585 647 805 716 unoquoque
831 648 957 716 genere
989 627 1247 716 praestiterant,
1268 627 1307 695 id

178 743 213 811 in
241 743 373 811 intacto
409 740 583 811 Romanis
613 741 731 831 lyricae
767 742 885 833 poesis
917 765 1044 832 genere
1080 743 1247 811 tentavit.
1271 746 1306 812 Α

179 858 314 930 Graecis
332 858 525 926 sententias
542 858 728 949 plurimas,
747 882 763 926 a
790 859 925 929 Graecis
950 859 1126 927 sermonis
1153 859 1306 928 uberta-

178 993 250 1044 tem
269 993 302 1047 et
317 975 542 1067 elegantiam,
564 999 583 1043 a
607 974 742 1044 Graecis
767 975 1019 1065 politissimam
1045 975 1217 1044 carminis
1244 999 1305 1045 ar-

179 1110 249 1160 tem
280 1090 599 1181 doctissimamque
636 1107 834 1158 metrorum
869 1091 1073 1161 varietatem
1109 1109 1306 1161 mutuatus

177 1226 257 1292 est3
280 1225 391 1298 utque
422 1226 523 1298 poeta
551 1209 769 1275 Mantuanus
801 1207 1050 1277 sollertissima
1085 1208 1304 1278 Graecorum

177 1323 375 1392 imitatione
401 1346 572 1392 romanus
591 1322 807 1392 Theocritus
839 1346 1083 1414 romanusque
1112 1326 1306 1393 Homerus

176 1441 323 1522 exstitit,
339 1439 389 1507 sic
404 1439 613 1508 Venusinus
631 1440 762 1508 meruit
786 1458 824 1507 ut
851 1461 1024 1509 romanus
1052 1441 1305 1509 Archilochus
1399 1462 1403 1467 ⁴

177 1573 210 1624 et
230 1578 399 1624 romanus
414 1556 557 1625 Alcaeus
574 1556 759 1625 diceretur.

223 1671 346 1760 Quam
362 1695 445 1740 vero
463 1671 683 1763 provinciam
700 1672 819 1741 dedita
838 1693 945 1761 opera
963 1672 1031 1740 sibi
1048 1673 1306 1763 delegerat,ita

178 1810 217 1855 ea
233 1787 377 1855 sunctus
393 1805 459 1873 est,
477 1788 566 1855 utin
586 1788 793 1858 Graecorum
811 1788 991 1856 imitatore
1021 1810 1208 1878 nunquam
1227 1813 1304 1858 non

179 1905 386 1972 Romanum
399 1927 621 1995 agnosceres.
643 1904 744 1973 Illius
760 1922 879 1973 tamen
897 1926 1056 1973 romanae
1073 1904 1207 1972 indolis
1225 1928 1308 1974 ves-

178 2019 264 2109 tigia
282 2019 384 2088 aliter
411 2021 447 2088 in
473 2020 552 2088 aliis
577 2020 797 2089 carminibus
825 2021 1002 2111 impressa
1024 2038 1210 2110 apparent,
1243 2023 1306 2091 hic

178 2135 292 2204 levius
309 2153 404 2220 et,ut
421 2137 467 2204 ita
482 2137 611 2219 dicam,
628 2137 663 2204 in
682 2136 868 2226 superficie
882 2153 1036 2219 tantum,
1049 2135 1305 2206 illicaltiusad

177 2251 267 2321 imas
299 2275 414 2342 usque
445 2253 614 2321 carminis
644 2253 833 2322 medullas.
859 2252 1179 2341 Quemadmodum
1200 2253 1305 2322 enim

176 2368 264 2437 varii
286 2370 429 2437 luerunt
447 2369 659 2437 imitationis
675 2369 819 2460 gradus,
843 2389 881 2438 ut
901 2368 945 2437 ab
962 2370 1191 2461 argumentis·
1207 2392 1306 2461 grae-

176 2484 228 2552 cis
252 2486 295 2552 ad
315 2502 525 2575 argumenta
542 2486 646 2574 plane
663 2508 811 2562 romana
836 2503 1052 2577 assurgeret,
1081 2486 1141 2573 ita,
1155 2485 1305 2556 decres-

176 2618 278 2669 cente
295 2600 484 2691 graecitatis
499 2601 633 2685 studi0,
646 2601 756 2670 crevit
772 2601 910 2670 romani
929 2602 1003 2670 oris
1026 2602 1187 2692 spiritus.
1213 2605 1304 2674 Non

176 2717 308 2785 desunt
335 2716 506 2800 carmina,
537 2740 617 2807 quae
645 2717 734 2785 nihil
764 2716 831 2786 nisi
868 2740 922 2786 res
954 2740 1086 2807 graecas
1114 2719 1307 2789 continere

176 2834 387 2918 videantur,
420 2833 455 2901 in
485 2833 563 2902 illas
591 2851 711 2902 tamen
739 2833 889 2902 noviciae
910 2833 996 2902 artis
1025 2833 1219 2924 primitias,
1238 2836 1304 2904 ubi

176 2966 295 3017 totum
315 2973 334 3016 a
348 2950 473 3040 graecis
487 2950 749 3039 exemplaribus
767 2950 961 3019 Horatium
978 2950 1132 3039 pendere
1147 2950 1305 3036 dicas,si

176 3064 387 3156 diligentius
418 3065 686 3157 introspexeris,
704 3087 895 3135 romanum
916 3086 1058 3157 poetam
1080 3089 1099 3134 a
1124 3069 1304 3156 supersti-

177 3180 270 3251 tiosa
291 3182 491 3251 imitatione
509 3181 661 3250 liberum
680 3181 855 3266 invenies,
870 3184 923 3251 vel
944 3181 980 3250 in
994 3205 1036 3252 eo
1056 3183 1183 3250 saltem
1197 3186 1302 3273 quod

177 3299 221 3367 ad
242 3298 439 3367 severiores
455 3299 561 3389 leges,
571 3319 727 3368 romanae
741 3298 904 3388 gravitati
918 3315 1190 3382 consentaneas,
1212 3303 1303 3370 mol·

177 3414 269 3485 liora
299 3415 508 3485 Graecorum
537 3432 648 3482 metra
684 3414 843 3505 redigere
871 3415 1001 3483 studet.
1033 3415 1117 3483 Mox
1146 3415 1304 3487 certiora

177 3531 318 3600 romani
339 3531 473 3622 ingenii
500 3529 648 3620 uestigia
671 3530 916 3620 deprehendes
930 3551 939 3615 ;
955 3530 1079 3621 graecis
1108 3533 1304 3603 sententiis

178 3670 326 3716 romana
342 3648 396 3717 vel
414 3647 530 3716 italica
555 3646 716 3731 nomina,
734 3669 891 3717 tomanae
920 3647 1120 3730 sententiae,
1137 3651 1304 3718 romani-

177 3785 248 3853 que
279 3785 398 3832 mores
418 3762 834 3847 intermiscentur,·unde
859 3764 1016 3832 tabulam
1039 3761 1127 3831 effici
1159 3761 1305 3836 intelle·

99 3877 103 3885 “
176 3901 239 3969 gas
264 3879 423 3949 romanis
449 3879 553 3949 lineis
580 3881 810 3970 descriptam,
847 3879 971 3970 graecis
998 3901 1082 3949 vero
1113 3880 1306 3953 coloribus

177 3995 369 4086 depictam.

175 4148 196 4187 .’
222 4111 317 4184 Cum
348 4129 468 4181 autem
500 4112 655 4204 propriis
687 4111 824 4182 viribus
856 4113 941 4180 fisus
974 4130 1187 4202 argumenta
1218 4139 1308 4190 vere
