2970 5280
590 513 631 525 ..
656 476 699 564 67
726 514 769 525 ..

116 614 170 681 Ex
187 615 319 704 quibus
336 640 492 708 pronum
511 636 563 686 est
579 639 735 703 cernere,
752 620 787 687 ni
803 620 918 700 fallor,
935 620 990 688 vel
1003 620 1095 688 inter
1111 619 1234 687 laudes

114 731 271 822 Augusti
290 735 481 817 canendas,
498 733 649 824 patriam
663 735 1153 819 Horatioobv'ersatamesse,
1171 756 1235 802 nec

115 847 237 916 debito
251 870 372 917 amore
388 849 601 918 fraudatam.
1137 864 1141 871 '

164 965 244 1032 Huc
266 965 400 1033 accedit
421 965 519 1056 quod
539 966 677 1034 ultimis
690 968 867 1035 bellorum
887 967 1048 1035 civilium
1065 967 1235 1059 tempori·

116 1081 198 1164 bus,
216 1103 254 1148 ea
274 1081 343 1149 luit
361 1081 398 1152 S.
419 1081 583 1173 Pompeii
606 1099 639 1151 et
663 1083 812 1152 Antonii
830 1084 956 1174 agendi
982 1083 1085 1168 ratio,
1102 1101 1140 1152 ut
1164 1085 1234 1172 jam

114 1198 340 1280 monuimus,
359 1221 468 1289 quam
480 1199 639 1289 optimus
655 1199 809 1290 quisque
825 1199 914 1267 civis
932 1200 1050 1268 odisse
1065 1218 1099 1268 et
1119 1202 1235 1268 detes·

113 1314 180 1381 tari
199 1313 357 1383 deberet.
380 1315 443 1383 Ille
460 1315 570 1398 enim,
587 1315 757 1384 vocandis
778 1317 821 1384 ad
837 1338 935 1384 arma
952 1316 1119 1401 ser-vitiis,
1143 1316 1236 1384 invi·

112 1429 255 1498 diosam
276 1432 452 1499 Romanis
470 1453 546 1499 rem
567 1450 762 1522 peregerat,
795 1433 1036 1523 timoremque
1066 1432 1234 1520 injecerat

114 1565 159 1614 ne
180 1546 338 1615 redirent
368 1547 528 1638 Spartaci
550 1565 709 1639 tempora
734 1567 767 1616 et
791 1550 938 1617 serviles
955 1551 1157 1633 tumultus3
1178 1549 1234 1616 ltic

112 1685 210 1746 vem,
234 1662 270 1730 in
298 1687 445 1732 omnem
475 1664 668 1733 libidinum
695 1665 872 1735 insaniam
891 1666 1038 1750 effusus,
1058 1666 1106 1734 ita
1133 1688 1169 1733 se
1190 1667 1233 1734 ad

112 1778 315 1870 Cleopatrae
330 1780 521 1849 arbitrium
542 1783 690 1850 finxerat
705 1799 744 1850 ut
760 1782 950 1874 impotenti
976 1781 1139 1851 mulieris
1156 1803 1232 1849 am·

113 1895 244 1964 bitioni
263 1898 530 1987 suffragaretur,
548 1921 630 1966 cum
644 1900 693 1986 [de
712 1898 853 1990 imperii
872 1900 953 1967 sede
978 1897 1233 1967 Alexandriam

110 2013 361 2082 transferenda
378 2013 549 2103 cogitaret
566 2017 622 2103 (1).
641 2015 689 2083 Et
704 2037 787 2083 cum
801 2015 1035 2100 Octavianus,
1049 2032 1089 2083 ut
1103 2031 1176 2083 erat
1198 2015 1233 2082 in

111 2129 341 2219 temporibus
361 2131 584 2220 aucupandis
602 2131 764 2215 callidus,
783 2132 832 2201 rei
852 2131 1026 2199 invidiam
1054 2130 1089 2198 in
1117 2130 1234 2219 majus

89 2263 273 2336 augeret,
304 2245 532 2338 propriisque
577 2248 821 2316 simultatibus
853 2247 1062 2316 obtenderet
1091 2248 1234 2315 tuendae

113 2362 241 2454 patriae
263 2359 666 2449 necessitatem,'nonne
683 2382 836 2457 parerat
866 2387 948 2432 eum
974 2364 1136 2432 civilium
1160 2385 1234 2453 par·

108 2481 207 2549 tium
251 2499 557 2573 propugnatorem
587 2499 621 2550 et
649 2480 802 2570 publicae
843 2480 1018 2578 libertatis
1052 2479 1232 2547 vindicem

110 2596 420 2687 existimarella).
455 2600 504 2669 Ut
542 2598 664 2688 igitur,
693 2599 942 2666 Romanorum
980 2597 1169 2679 sententia,
1197 2595 1234 2664 in

109 2737 230 2782 unum
251 2714 480 2805 conspirabat
499 2714 653 2785 Caesaris
669 2731 702 2781 et
716 2715 841 2782 Romae
855 2736 974 2798 causa,
993 2713 1041 2781 ita
1062 2711 1234 2780 Horatius

111 2831 152 2899 in
163 2832 375 2899 celebranda
389 2831 551 2911 victoria,
569 2830 752 2921 popularis
766 2829 898 2898 laetitiae
914 2828 1016 2920 quasi
1034 2849 1234 2920 praeconem

111 2971 153 3014 se
171 2946 337 3038 praebuit.

163 3064 225 3132 IV.
253 3062 362 3152 Quod
381 3060 462 3131 siin
483 3063 526 3131 iis
549 3086 630 3152 quae
652 3065 696 3132 ad
720 3063 812 3131 bella
836 3062 954 3130 civilia
980 3061 1160 3152 pertinent
1186 3061 1235 3129 ni·

112 3178 234 3248 mium
261 3179 446 3248 immorari
471 3179 670 3264 videamur,
687 3180 829 3276 veniam
847 3201 918 3246 non
943 3178 1155 3246 invidebunt
1174 3177 1235 3266 qui

111 3311 296 3385 quantum
311 3294 395 3363 inde
416 3295 591 3363 momenti
610 3311 643 3361 et
663 3293 833 3384 ponderis
851 3293 1016 3362 afferatur
1032 3293 1075 3359 ad
1092 3282 1237 3360 institu-

110 3429 193 3480 tam
208 3411 448 3500 quaestionem
464 3411 682 3502 intellegent.
701 3411 794 3499 Quae
811 3432 895 3479 vero
912 3409 956 3478 ab
972 3408 1114 3476 actiacis
1130 3409 1236 3476 rebus

109 3528 161 3598 ad
191 3527 273 3596 vitae
295 3528 416 3613 finem,
440 3549 503 3618 per
530 3526 657 3617 viginti
686 3526 797 3594 ferme
823 3548 951 3609 annos,
975 3524 1131 3594 carmina
1153 3546 1237 3593 con-

110 3643 263 3734 scripsit
289 3644 476 3728 Horatius,
502 3669 542 3712 ea
563 3666 634 3734 quo
660 3643 799 3712 valeant
823 3641 953 3711 melius
978 3640 1238 3711 aestimabimus

150 3861 197 3934 (1)
218 3859 254 3916 D.
269 3859 366 3922 Cass„
383 3878 411 3931 n,
427 3879 454 3933 7.
470 3892 504 3900 —
519 3861 683 3928 Ftott.,1v‚
704 3877 750 3914 tr.

150 3950 193 4021 (2)
227 3948 274 4004 Cf.
289 3950 356 4006 Dro.
375 3950 520 4020 Cass.,1.‚
540 3948 568 4019 6,
590 3946 643 4021 qui
664 3958 792 4003 testatur
819 3963 881 4002 non
896 3945 1032 4003 Antonio
1043 3945 1096 4002 sed
1109 3945 1239 4018 Cleopa·

104 4054 167 4097 trae
196 4036 311 4094 bellum
336 4051 457 4094 senatus
480 4037 621 4094 consulto
645 4035 793 4093 indictum
819 4048 905 4105 esse;
921 4049 948 4093 et
974 4037 1067 4091 Vntt..
1082 4053 1113 4104 11,
1125 4036 1173 4101 82,
1187 4034 1239 4108 qni

103 4127 287 4189 Antonium
302 4126 480 4184 criminatur
497 4127 581 4200 quod
595 4126 706 4183 bellum
723 4124 827 4200 patriae
842 4125 955 4182 inferre
971 4124 1118 4184 statuerit.
