<?xml version="1.0" encoding="UTF-8"?>
<!DOCTYPE html PUBLIC "-//W3C//DTD XHTML 1.0 Transitional//EN"
    "http://www.w3.org/TR/xhtml1/DTD/xhtml1-transitional.dtd">
<html xmlns="http://www.w3.org/1999/xhtml" xml:lang="en" lang="en">
 <head>
  <title>
</title>
<meta http-equiv="Content-Type" content="text/html;charset=utf-8" />
  <meta name='ocr-system' content='tesseract 3.04.00' />
  <meta name='ocr-capabilities' content='ocr_page ocr_carea ocr_par ocr_line ocrx_word'/>
</head>
<body>
  <div class='ocr_page' id='page_1' title='image "./quidvereromanum00devagoog_0046.png"; bbox 0 0 2970 5280; ppageno 0'>
   <div class='ocr_carea' id='block_1_1' title="bbox 594 538 775 627">
    <p class='ocr_par' dir='ltr' id='par_1_1' title="bbox 594 538 775 627">
     <span class='ocr_line' id='line_1_1' title="bbox 594 538 775 627; baseline 0.006 -37"><span class='ocrx_word' id='word_1_1' title='bbox 594 538 775 627; x_wconf 71' lang='lat'>..37-</span> 
     </span>
    </p>
   </div>
   <div class='ocr_carea' id='block_1_2' title="bbox 115 679 1243 1238">
    <p class='ocr_par' dir='ltr' id='par_1_2' title="bbox 115 679 1243 1238">
     <span class='ocr_line' id='line_1_2' title="bbox 124 679 1242 775; baseline 0.006 -28"><span class='ocrx_word' id='word_1_2' title='bbox 124 679 226 748; x_wconf 89' lang='lat' dir='ltr'>illurn</span> <span class='ocrx_word' id='word_1_3' title='bbox 241 681 455 772; x_wconf 61' lang='lat' dir='ltr'>clivum7per</span> <span class='ocrx_word' id='word_1_4' title='bbox 471 705 580 772; x_wconf 91' lang='lat' dir='ltr'>quem</span> <span class='ocrx_word' id='word_1_5' title='bbox 598 698 651 751; x_wconf 92' lang='lat' dir='ltr'>tot</span> <span class='ocrx_word' id='word_1_6' title='bbox 667 683 816 751; x_wconf 85' lang='lat' dir='ltr'>catenati</span> <span class='ocrx_word' id='word_1_7' title='bbox 833 706 932 774; x_wconf 84' lang='lat' dir='ltr'>reges</span> <span class='ocrx_word' id='word_1_8' title='bbox 960 684 995 751; x_wconf 95' lang='lat' dir='ltr'>in</span> <span class='ocrx_word' id='word_1_9' title='bbox 1016 684 1242 775; x_wconf 88' lang='lat' dir='ltr'>triumphum</span> 
     </span>
     <span class='ocr_line' id='line_1_3' title="bbox 115 796 1243 891; baseline 0.006 -28"><span class='ocrx_word' id='word_1_10' title='bbox 115 796 220 864; x_wconf 89' lang='lat' dir='ltr'>-ducti</span> <span class='ocrx_word' id='word_1_11' title='bbox 240 815 336 878; x_wconf 79' lang='lat' dir='ltr'>sunt,</span> <span class='ocrx_word' id='word_1_12' title='bbox 351 799 625 888; x_wconf 85' lang='lat' dir='ltr'>Augustusque,</span> <span class='ocrx_word' id='word_1_13' title='bbox 644 799 672 865; x_wconf 95' lang='lat' dir='ltr'>si</span> <span class='ocrx_word' id='word_1_14' title='bbox 695 799 947 867; x_wconf 85' lang='lat' dir='ltr'>vaticinantem</span> <span class='ocrx_word' id='word_1_15' title='bbox 965 818 1106 890; x_wconf 87' lang='lat' dir='ltr'>poetam</span> <span class='ocrx_word' id='word_1_16' title='bbox 1129 824 1243 891; x_wconf 82' lang='lat' dir='ltr'>augur</span> 
     </span>
     <span class='ocr_line' id='line_1_4' title="bbox 121 913 1241 1005; baseline 0.006 -25"><span class='ocrx_word' id='word_1_17' title='bbox 121 913 254 1002; x_wconf 86' lang='lat' dir='ltr'>Apollo</span> <span class='ocrx_word' id='word_1_18' title='bbox 273 936 343 981; x_wconf 93' lang='lat' dir='ltr'>non</span> <span class='ocrx_word' id='word_1_19' title='bbox 366 914 525 998; x_wconf 80' lang='lat' dir='ltr'>deludat,</span> <span class='ocrx_word' id='word_1_20' title='bbox 553 916 772 1005; x_wconf 83' lang='lat' dir='ltr'>quandoque</span> <span class='ocrx_word' id='word_1_21' title='bbox 801 918 917 984; x_wconf 87' lang='lat' dir='ltr'>trabet</span> <span class='ocrx_word' id='word_1_22' title='bbox 949 915 1097 999; x_wconf 83' lang='lat' dir='ltr'>feroces,</span> <span class='ocrx_word' id='word_1_23' title='bbox 1116 917 1241 986; x_wconf 89' lang='lat' dir='ltr'>merita</span> 
     </span>
     <span class='ocr_line' id='line_1_5' title="bbox 122 1028 1240 1122; baseline 0.005 -26"><span class='ocrx_word' id='word_1_24' title='bbox 122 1028 274 1098; x_wconf 90' lang='lat' dir='ltr'>decorus</span> <span class='ocrx_word' id='word_1_25' title='bbox 291 1031 429 1114; x_wconf 88' lang='lat' dir='ltr'>ltonde,</span> <span class='ocrx_word' id='word_1_26' title='bbox 453 1030 671 1121; x_wconf 82' lang='lat' dir='ltr'>Sygambros</span> <span class='ocrx_word' id='word_1_27' title='bbox 688 1035 743 1118; x_wconf 94' lang='grc' dir='ltr'>(ι).</span> <span class='ocrx_word' id='word_1_28' title='bbox 761 1034 817 1099; x_wconf 89' lang='lat' dir='ltr'>Ad</span> <span class='ocrx_word' id='word_1_29' title='bbox 835 1031 1057 1122; x_wconf 78' lang='lat' dir='ltr'>Capitolium</span> <span class='ocrx_word' id='word_1_30' title='bbox 1078 1035 1240 1122; x_wconf 88' lang='lat' dir='ltr'>perveni·</span> 
     </span>
     <span class='ocr_line' id='line_1_6' title="bbox 121 1147 1237 1238; baseline 0.004 -26"><span class='ocrx_word' id='word_1_31' title='bbox 121 1166 217 1228; x_wconf 83' lang='lat' dir='ltr'>mus,</span> <span class='ocrx_word' id='word_1_32' title='bbox 230 1147 354 1214; x_wconf 88' lang='lat' dir='ltr'>Romae</span> <span class='ocrx_word' id='word_1_33' title='bbox 370 1165 403 1214; x_wconf 90' lang='lat' dir='ltr'>et</span> <span class='ocrx_word' id='word_1_34' title='bbox 421 1147 532 1214; x_wconf 92' lang='lat' dir='ltr'>totius</span> <span class='ocrx_word' id='word_1_35' title='bbox 544 1164 719 1215; x_wconf 88' lang='lat' dir='ltr'>terrarum</span> <span class='ocrx_word' id='word_1_36' title='bbox 736 1148 833 1215; x_wconf 92' lang='lat' dir='ltr'>orbis</span> <span class='ocrx_word' id='word_1_37' title='bbox 851 1164 969 1238; x_wconf 77' lang='lat' dir='ltr'>caput,</span> <span class='ocrx_word' id='word_1_38' title='bbox 981 1150 1077 1238; x_wconf 91' lang='lat' dir='ltr'>quod</span> <span class='ocrx_word' id='word_1_39' title='bbox 1091 1167 1237 1229; x_wconf 87' lang='lat' dir='ltr'>aeterno,</span> 
     </span>
    </p>
   </div>
   <div class='ocr_carea' id='block_1_3' title="bbox 121 1263 1344 1354">
    <p class='ocr_par' dir='ltr' id='par_1_3' title="bbox 121 1263 1344 1354">
     <span class='ocr_line' id='line_1_7' title="bbox 121 1263 1344 1354; baseline 0.002 -27"><span class='ocrx_word' id='word_1_40' title='bbox 121 1282 201 1350; x_wconf 89' lang='lat' dir='ltr'>quae</span> <span class='ocrx_word' id='word_1_41' title='bbox 218 1285 298 1353; x_wconf 80' lang='lat' dir='ltr'>spes</span> <span class='ocrx_word' id='word_1_42' title='bbox 318 1263 471 1331; x_wconf 89' lang='lat' dir='ltr'>Horatio</span> <span class='ocrx_word' id='word_1_43' title='bbox 488 1280 552 1345; x_wconf 79' lang='lat' dir='ltr'>est,</span> <span class='ocrx_word' id='word_1_44' title='bbox 571 1265 716 1331; x_wconf 84' lang='lat' dir='ltr'>scandet</span> <span class='ocrx_word' id='word_1_45' title='bbox 747 1286 829 1331; x_wconf 91' lang='lat' dir='ltr'>curn</span> <span class='ocrx_word' id='word_1_46' title='bbox 852 1264 957 1331; x_wconf 86' lang='lat' dir='ltr'>tacita</span> <span class='ocrx_word' id='word_1_47' title='bbox 976 1265 1114 1354; x_wconf 87' lang='lat' dir='ltr'>virgine</span> <span class='ocrx_word' id='word_1_48' title='bbox 1146 1266 1240 1333; x_wconf 91' lang='lat' dir='ltr'>Pon·</span> <span class='ocrx_word' id='word_1_49' title='bbox 1340 1323 1344 1329; x_wconf 88' lang='lat'>.</span> 
     </span>
    </p>
   </div>
   <div class='ocr_carea' id='block_1_4' title="bbox 116 1379 1238 2626">
    <p class='ocr_par' dir='ltr' id='par_1_4' title="bbox 116 1379 1238 2626">
     <span class='ocr_line' id='line_1_8' title="bbox 121 1379 1237 1470; baseline 0.002 -23"><span class='ocrx_word' id='word_1_50' title='bbox 121 1379 1237 1470; x_wconf 77' lang='lat' dir='ltr'>tifex(2).Qualenobisanteoculosobversaturspectaculum!</span> 
     </span>
     <span class='ocr_line' id='line_1_9' title="bbox 122 1495 1238 1586; baseline 0.001 -22"><span class='ocrx_word' id='word_1_51' title='bbox 122 1495 355 1586; x_wconf 81' lang='lat' dir='ltr'>Adspicimus</span> <span class='ocrx_word' id='word_1_52' title='bbox 372 1518 487 1564; x_wconf 88' lang='lat' dir='ltr'>sacras</span> <span class='ocrx_word' id='word_1_53' title='bbox 508 1518 605 1564; x_wconf 86' lang='lat' dir='ltr'>arces</span> <span class='ocrx_word' id='word_1_54' title='bbox 628 1518 717 1585; x_wconf 92' lang='lat' dir='ltr'>quas</span> <span class='ocrx_word' id='word_1_55' title='bbox 743 1496 882 1586; x_wconf 83' lang='lat' dir='ltr'>Jupiter</span> <span class='ocrx_word' id='word_1_56' title='bbox 909 1497 1080 1584; x_wconf 84' lang='lat' dir='ltr'>jaculatus</span> <span class='ocrx_word' id='word_1_57' title='bbox 1100 1496 1238 1567; x_wconf 82' lang='lat' dir='ltr'><strong>Urbem</strong></span> 
     </span>
     <span class='ocr_line' id='line_1_10' title="bbox 119 1605 1235 1700; baseline 0.004 -22"><span class='ocrx_word' id='word_1_58' title='bbox 119 1628 314 1700; x_wconf 85' lang='lat' dir='ltr'><strong>gentesque</strong></span> <span class='ocrx_word' id='word_1_59' title='bbox 347 1611 473 1680; x_wconf 90' lang='lat' dir='ltr'>terruit</span> <span class='ocrx_word' id='word_1_60' title='bbox 506 1634 549 1678; x_wconf 92' lang='lat' dir='ltr'>ne</span> <span class='ocrx_word' id='word_1_61' title='bbox 576 1605 686 1680; x_wconf 86' lang='lat' dir='ltr'>altero</span> <span class='ocrx_word' id='word_1_62' title='bbox 715 1610 852 1679; x_wconf 90' lang='lat' dir='ltr'>diluvio</span> <span class='ocrx_word' id='word_1_63' title='bbox 878 1613 1153 1679; x_wconf 88' lang='lat' dir='ltr'>absumerentur</span> <span class='ocrx_word' id='word_1_64' title='bbox 1177 1615 1235 1700; x_wconf 78' lang='grc'>(3).</span> 
     </span>
     <span class='ocr_line' id='line_1_11' title="bbox 122 1726 1236 1819; baseline 0 -25"><span class='ocrx_word' id='word_1_65' title='bbox 122 1726 325 1816; x_wconf 87' lang='lat' dir='ltr'>Praecipuas</span> <span class='ocrx_word' id='word_1_66' title='bbox 336 1746 438 1819; x_wconf 90' lang='lat' dir='ltr'>poeta</span> <span class='ocrx_word' id='word_1_67' title='bbox 457 1728 601 1795; x_wconf 89' lang='lat' dir='ltr'>nomine</span> <span class='ocrx_word' id='word_1_68' title='bbox 617 1728 782 1818; x_wconf 89' lang='lat' dir='ltr'>appellat,</span> <span class='ocrx_word' id='word_1_69' title='bbox 796 1728 1016 1795; x_wconf 84' lang='lat' dir='ltr'>Aventinum</span> <span class='ocrx_word' id='word_1_70' title='bbox 1029 1727 1088 1817; x_wconf 75' lang='grc'>(4),</span> <span class='ocrx_word' id='word_1_71' title='bbox 1107 1728 1236 1795; x_wconf 87' lang='lat' dir='ltr'>Palati-</span> 
     </span>
     <span class='ocr_line' id='line_1_12' title="bbox 119 1843 1234 1932; baseline 0.002 -24"><span class='ocrx_word' id='word_1_72' title='bbox 119 1864 208 1909; x_wconf 92' lang='lat' dir='ltr'>num</span> <span class='ocrx_word' id='word_1_73' title='bbox 226 1844 283 1931; x_wconf 85' lang='grc'>(5),</span> <span class='ocrx_word' id='word_1_74' title='bbox 302 1844 534 1932; x_wconf 89' lang='lat' dir='ltr'>Esquilinum</span> <span class='ocrx_word' id='word_1_75' title='bbox 551 1845 607 1930; x_wconf 83' lang='grc'>(6),</span> <span class='ocrx_word' id='word_1_76' title='bbox 624 1843 799 1932; x_wconf 90' lang='lat' dir='ltr'>illumque</span> <span class='ocrx_word' id='word_1_77' title='bbox 817 1844 1087 1913; x_wconf 87' lang='lat' dir='ltr'>transTiberim</span> <span class='ocrx_word' id='word_1_78' title='bbox 1100 1845 1234 1912; x_wconf 90' lang='lat' dir='ltr'>Vatica-</span> 
     </span>
     <span class='ocr_line' id='line_1_13' title="bbox 118 1959 1236 2049; baseline 0.002 -24"><span class='ocrx_word' id='word_1_79' title='bbox 118 1981 220 2044; x_wconf 85' lang='lat' dir='ltr'><strong>num,</strong></span> <span class='ocrx_word' id='word_1_80' title='bbox 237 1959 338 2045; x_wconf 83' lang='lat' dir='ltr'>cujus</span> <span class='ocrx_word' id='word_1_81' title='bbox 351 1961 470 2044; x_wconf 87' lang='lat' dir='ltr'>jocosa</span> <span class='ocrx_word' id='word_1_82' title='bbox 481 1961 666 2049; x_wconf 88' lang='lat' dir='ltr'>quondam</span> <span class='ocrx_word' id='word_1_83' title='bbox 678 1959 807 2049; x_wconf 66' lang='lat' dir='ltr'>imago</span> <span class='ocrx_word' id='word_1_84' title='bbox 828 1982 907 2027; x_wconf 87' lang='lat' dir='ltr'>curn</span> <span class='ocrx_word' id='word_1_85' title='bbox 926 1959 1112 2027; x_wconf 71' lang='lat' dir='ltr'><strong>Maecenati</strong></span> <span class='ocrx_word' id='word_1_86' title='bbox 1130 1961 1236 2027; x_wconf 87' lang='lat' dir='ltr'>datus</span> 
     </span>
     <span class='ocr_line' id='line_1_14' title="bbox 118 2075 1234 2167; baseline 0.001 -25"><span class='ocrx_word' id='word_1_87' title='bbox 118 2075 154 2142; x_wconf 93' lang='lat' dir='ltr'>in</span> <span class='ocrx_word' id='word_1_88' title='bbox 176 2078 323 2163; x_wconf 81' lang='lat' dir='ltr'>theatro</span> <span class='ocrx_word' id='word_1_89' title='bbox 352 2078 499 2167; x_wconf 88' lang='lat' dir='ltr'>plausus</span> <span class='ocrx_word' id='word_1_90' title='bbox 522 2076 600 2156; x_wconf 77' lang='lat' dir='ltr'>fuit,</span> <span class='ocrx_word' id='word_1_91' title='bbox 628 2076 750 2144; x_wconf 87' lang='lat' dir='ltr'>laudes</span> <span class='ocrx_word' id='word_1_92' title='bbox 777 2076 825 2143; x_wconf 93' lang='lat' dir='ltr'>illi</span> <span class='ocrx_word' id='word_1_93' title='bbox 848 2077 1004 2144; x_wconf 88' lang='lat' dir='ltr'><strong>reddidit</strong></span> <span class='ocrx_word' id='word_1_94' title='bbox 1020 2077 1076 2166; x_wconf 81' lang='lat'><strong>(7).</strong></span> <span class='ocrx_word' id='word_1_95' title='bbox 1102 2076 1234 2166; x_wconf 85' lang='lat' dir='ltr'>Adspi-</span> 
     </span>
     <span class='ocr_line' id='line_1_15' title="bbox 117 2191 1234 2281; baseline 0.001 -23"><span class='ocrx_word' id='word_1_96' title='bbox 117 2191 234 2258; x_wconf 89' lang='lat' dir='ltr'>cimus</span> <span class='ocrx_word' id='word_1_97' title='bbox 256 2191 387 2260; x_wconf 88' lang='lat' dir='ltr'>flavum</span> <span class='ocrx_word' id='word_1_98' title='bbox 414 2193 598 2274; x_wconf 71' lang='lat' dir='ltr'>Tiberini,</span> <span class='ocrx_word' id='word_1_99' title='bbox 625 2193 685 2280; x_wconf 93' lang='lat' dir='ltr'>qui</span> <span class='ocrx_word' id='word_1_100' title='bbox 717 2209 951 2260; x_wconf 90' lang='lat' dir='ltr'>monumenta</span> <span class='ocrx_word' id='word_1_101' title='bbox 980 2195 1110 2260; x_wconf 86' lang='lat' dir='ltr'>Numae</span> <span class='ocrx_word' id='word_1_102' title='bbox 1143 2194 1234 2281; x_wconf 88' lang='lat' dir='ltr'>regis</span> 
     </span>
     <span class='ocr_line' id='line_1_16' title="bbox 118 2307 1235 2398; baseline 0.001 -24"><span class='ocrx_word' id='word_1_103' title='bbox 118 2331 181 2377; x_wconf 91' lang='lat' dir='ltr'>seu</span> <span class='ocrx_word' id='word_1_104' title='bbox 203 2309 335 2398; x_wconf 91' lang='lat' dir='ltr'>templa</span> <span class='ocrx_word' id='word_1_105' title='bbox 351 2310 469 2376; x_wconf 90' lang='lat' dir='ltr'>Vestae</span> <span class='ocrx_word' id='word_1_106' title='bbox 496 2309 657 2376; x_wconf 81' lang='lat' dir='ltr'>arenosis</span> <span class='ocrx_word' id='word_1_107' title='bbox 684 2309 791 2375; x_wconf 91' lang='lat' dir='ltr'>undis</span> <span class='ocrx_word' id='word_1_108' title='bbox 816 2309 931 2391; x_wconf 79' lang='lat' dir='ltr'>alluit,</span> <span class='ocrx_word' id='word_1_109' title='bbox 956 2307 1070 2397; x_wconf 88' lang='lat' dir='ltr'>iisque</span> <span class='ocrx_word' id='word_1_110' title='bbox 1093 2309 1235 2375; x_wconf 87' lang='lat' dir='ltr'>ruinam</span> 
     </span>
     <span class='ocr_line' id='line_1_17' title="bbox 117 2422 1235 2514; baseline -0.001 -22"><span class='ocrx_word' id='word_1_111' title='bbox 117 2423 277 2492; x_wconf 87' lang='lat' dir='ltr'>minatur</span> <span class='ocrx_word' id='word_1_112' title='bbox 307 2426 453 2514; x_wconf 90' lang='lat' dir='ltr'>quando</span> <span class='ocrx_word' id='word_1_113' title='bbox 489 2424 634 2492; x_wconf 88' lang='lat' dir='ltr'>sinistra</span> <span class='ocrx_word' id='word_1_114' title='bbox 664 2424 795 2492; x_wconf 82' lang='lat' dir='ltr'>labitur</span> <span class='ocrx_word' id='word_1_115' title='bbox 824 2422 898 2514; x_wconf 91' lang='lat' dir='ltr'>ripa</span> <span class='ocrx_word' id='word_1_116' title='bbox 932 2423 990 2512; x_wconf 87' lang='grc'>(8).</span> <span class='ocrx_word' id='word_1_117' title='bbox 1036 2426 1235 2512; x_wconf 89' lang='lat' dir='ltr'>Postquam</span> 
     </span>
     <span class='ocr_line' id='line_1_18' title="bbox 116 2540 1233 2626; baseline 0 -19"><span class='ocrx_word' id='word_1_118' title='bbox 116 2562 200 2608; x_wconf 89' lang='lat' dir='ltr'>vero</span> <span class='ocrx_word' id='word_1_119' title='bbox 218 2542 261 2610; x_wconf 88' lang='lat' dir='ltr'>ad</span> <span class='ocrx_word' id='word_1_120' title='bbox 282 2541 391 2611; x_wconf 87' lang='lat' dir='ltr'>Urbis</span> <span class='ocrx_word' id='word_1_121' title='bbox 411 2540 594 2610; x_wconf 85' lang='lat' dir='ltr'>cacumina</span> <span class='ocrx_word' id='word_1_122' title='bbox 612 2541 735 2608; x_wconf 85' lang='lat' dir='ltr'>oculos</span> <span class='ocrx_word' id='word_1_123' title='bbox 753 2540 1028 2622; x_wconf 85' lang='lat' dir='ltr'>circumtuleris,</span> <span class='ocrx_word' id='word_1_124' title='bbox 1055 2542 1144 2607; x_wconf 91' lang='lat' dir='ltr'>reler</span> <span class='ocrx_word' id='word_1_125' title='bbox 1164 2541 1233 2626; x_wconf 75' lang='lat' dir='ltr'>iarn</span> 
     </span>
    </p>
   </div>
   <div class='ocr_carea' id='block_1_5' title="bbox 50 2655 1233 3212">
    <p class='ocr_par' dir='ltr' id='par_1_5' title="bbox 50 2655 1233 3212">
     <span class='ocr_line' id='line_1_19' title="bbox 116 2655 1232 2746; baseline 0 -22"><span class='ocrx_word' id='word_1_126' title='bbox 116 2656 161 2724; x_wconf 84' lang='lat' dir='ltr'>ad</span> <span class='ocrx_word' id='word_1_127' title='bbox 180 2679 278 2724; x_wconf 86' lang='lat' dir='ltr'>areas</span> <span class='ocrx_word' id='word_1_128' title='bbox 296 2679 376 2746; x_wconf 87' lang='lat' dir='ltr'>quae</span> <span class='ocrx_word' id='word_1_129' title='bbox 394 2658 514 2724; x_wconf 87' lang='lat' dir='ltr'>dextra</span> <span class='ocrx_word' id='word_1_130' title='bbox 531 2657 689 2745; x_wconf 85' lang='lat' dir='ltr'>laevaque</span> <span class='ocrx_word' id='word_1_131' title='bbox 707 2674 841 2745; x_wconf 86' lang='lat' dir='ltr'>patent,</span> <span class='ocrx_word' id='word_1_132' title='bbox 860 2655 1020 2723; x_wconf 84' lang='lat' dir='ltr'>civilium</span> <span class='ocrx_word' id='word_1_133' title='bbox 1044 2678 1163 2723; x_wconf 89' lang='lat' dir='ltr'>rerum</span> <span class='ocrx_word' id='word_1_134' title='bbox 1179 2657 1232 2724; x_wconf 93' lang='lat' dir='ltr'>vel</span> 
     </span>
     <span class='ocr_line' id='line_1_20' title="bbox 50 2761 1232 2859; baseline -0.002 -19"><span class='ocrx_word' id='word_1_135' title='bbox 50 2761 56 2768; x_wconf 38' lang='lat'><strong>³</strong></span> <span class='ocrx_word' id='word_1_136' title='bbox 117 2772 330 2859; x_wconf 85' lang='lat' dir='ltr'>juvenilium</span> <span class='ocrx_word' id='word_1_137' title='bbox 357 2774 525 2841; x_wconf 87' lang='lat' dir='ltr'>ludorum</span> <span class='ocrx_word' id='word_1_138' title='bbox 556 2773 675 2840; x_wconf 89' lang='lat' dir='ltr'>sedes.</span> <span class='ocrx_word' id='word_1_139' title='bbox 701 2772 769 2840; x_wconf 88' lang='lat' dir='ltr'>Hic</span> <span class='ocrx_word' id='word_1_140' title='bbox 785 2773 900 2839; x_wconf 87' lang='lat' dir='ltr'>cernis</span> <span class='ocrx_word' id='word_1_141' title='bbox 926 2772 1043 2840; x_wconf 87' lang='lat' dir='ltr'>forum</span> <span class='ocrx_word' id='word_1_142' title='bbox 1068 2772 1152 2838; x_wconf 92' lang='lat' dir='ltr'>illud</span> <span class='ocrx_word' id='word_1_143' title='bbox 1171 2772 1232 2838; x_wconf 93' lang='lat' dir='ltr'>ubi</span> 
     </span>
     <span class='ocr_line' id='line_1_21' title="bbox 117 2887 1233 2979; baseline -0.001 -23"><span class='ocrx_word' id='word_1_144' title='bbox 117 2911 264 2957; x_wconf 89' lang='lat' dir='ltr'>romana</span> <span class='ocrx_word' id='word_1_145' title='bbox 293 2889 364 2957; x_wconf 88' lang='lat' dir='ltr'>vita</span> <span class='ocrx_word' id='word_1_146' title='bbox 388 2889 554 2979; x_wconf 77' lang='lat' dir='ltr'>agitatur,</span> <span class='ocrx_word' id='word_1_147' title='bbox 573 2906 606 2956; x_wconf 92' lang='lat' dir='ltr'>et</span> <span class='ocrx_word' id='word_1_148' title='bbox 637 2889 791 2978; x_wconf 90' lang='lat' dir='ltr'>superba</span> <span class='ocrx_word' id='word_1_149' title='bbox 824 2887 956 2956; x_wconf 87' lang='lat' dir='ltr'>civium</span> <span class='ocrx_word' id='word_1_150' title='bbox 990 2889 1233 2977; x_wconf 87' lang='lat' dir='ltr'>potentiorum</span> 
     </span>
     <span class='ocr_line' id='line_1_22' title="bbox 118 3003 1233 3096; baseline 0 -24"><span class='ocrx_word' id='word_1_151' title='bbox 118 3004 255 3092; x_wconf 82' lang='lat' dir='ltr'>limina,</span> <span class='ocrx_word' id='word_1_152' title='bbox 280 3029 353 3096; x_wconf 92' lang='lat' dir='ltr'>quo</span> <span class='ocrx_word' id='word_1_153' title='bbox 383 3028 488 3073; x_wconf 87' lang='lat' dir='ltr'>mane</span> <span class='ocrx_word' id='word_1_154' title='bbox 522 3005 667 3073; x_wconf 88' lang='lat' dir='ltr'>clientes</span> <span class='ocrx_word' id='word_1_155' title='bbox 693 3003 880 3071; x_wconf 87' lang='lat' dir='ltr'>confluunt</span> <span class='ocrx_word' id='word_1_156' title='bbox 906 3023 1075 3093; x_wconf 90' lang='lat' dir='ltr'>patronos</span> <span class='ocrx_word' id='word_1_157' title='bbox 1103 3005 1233 3072; x_wconf 87' lang='lat' dir='ltr'>saluta·</span> 
     </span>
     <span class='ocr_line' id='line_1_23' title="bbox 115 3120 1233 3212; baseline -0.004 -23"><span class='ocrx_word' id='word_1_158' title='bbox 115 3121 187 3189; x_wconf 92' lang='lat' dir='ltr'>turi</span> <span class='ocrx_word' id='word_1_159' title='bbox 202 3123 266 3211; x_wconf 80' lang='grc'>(9);</span> <span class='ocrx_word' id='word_1_160' title='bbox 285 3121 355 3189; x_wconf 92' lang='lat' dir='ltr'>illic</span> <span class='ocrx_word' id='word_1_161' title='bbox 374 3144 457 3190; x_wconf 88' lang='lat' dir='ltr'>vero</span> <span class='ocrx_word' id='word_1_162' title='bbox 478 3121 638 3212; x_wconf 86' lang='lat' dir='ltr'>apricum</span> <span class='ocrx_word' id='word_1_163' title='bbox 660 3121 786 3189; x_wconf 86' lang='lat' dir='ltr'>Martis</span> <span class='ocrx_word' id='word_1_164' title='bbox 806 3120 986 3210; x_wconf 80' lang='lat' dir='ltr'>Campum</span> <span class='ocrx_word' id='word_1_165' title='bbox 1001 3121 1082 3207; x_wconf 90' lang='grc' dir='ltr'>(ιο),</span> <span class='ocrx_word' id='word_1_166' title='bbox 1102 3120 1161 3187; x_wconf 91' lang='lat' dir='ltr'>ubi</span> <span class='ocrx_word' id='word_1_167' title='bbox 1179 3120 1233 3205; x_wconf 85' lang='lat' dir='ltr'>ju-</span> 
     </span>
    </p>
   </div>
   <div class='ocr_carea' id='block_1_6' title="bbox 148 3364 562 4062">
    <p class='ocr_par' dir='ltr' id='par_1_6' title="bbox 151 3364 482 3436">
     <span class='ocr_line' id='line_1_24' title="bbox 151 3364 482 3436; baseline 0.003 -17"><span class='ocrx_word' id='word_1_168' title='bbox 151 3368 192 3436; x_wconf 97' lang='grc' dir='ltr'>(ι)</span> <span class='ocrx_word' id='word_1_169' title='bbox 212 3366 316 3421; x_wconf 85' lang='lat' dir='ltr'>Carm.</span> <span class='ocrx_word' id='word_1_170' title='bbox 334 3383 373 3432; x_wconf 86' lang='grc' dir='ltr'>ιν,</span> <span class='ocrx_word' id='word_1_171' title='bbox 391 3384 417 3432; x_wconf 84' lang='lat'>2,</span> <span class='ocrx_word' id='word_1_172' title='bbox 438 3364 482 3421; x_wconf 80' lang='lat'>35.</span> 
     </span>
    </p>

    <p class='ocr_par' dir='ltr' id='par_1_7' title="bbox 149 3454 534 3705">
     <span class='ocr_line' id='line_1_25' title="bbox 151 3454 520 3527; baseline 0 -19"><span class='ocrx_word' id='word_1_173' title='bbox 151 3455 190 3526; x_wconf 85' lang='lat'>(2)</span> <span class='ocrx_word' id='word_1_174' title='bbox 210 3454 315 3510; x_wconf 85' lang='lat' dir='ltr'>Carm.</span> <span class='ocrx_word' id='word_1_175' title='bbox 334 3473 375 3518; x_wconf 90' lang='grc' dir='ltr'>ιιι,</span> <span class='ocrx_word' id='word_1_176' title='bbox 388 3454 434 3524; x_wconf 84' lang='lat'>30,</span> <span class='ocrx_word' id='word_1_177' title='bbox 450 3472 476 3527; x_wconf 86' lang='lat'>9.</span> <span class='ocrx_word' id='word_1_178' title='bbox 518 3504 520 3508; x_wconf 89' lang='lat'><em>.</em></span> 
     </span>
     <span class='ocr_line' id='line_1_26' title="bbox 149 3543 534 3615; baseline -0.003 -17"><span class='ocrx_word' id='word_1_179' title='bbox 149 3543 186 3615; x_wconf 78' lang='lat'>(3)</span> <span class='ocrx_word' id='word_1_180' title='bbox 208 3543 316 3599; x_wconf 83' lang='lat' dir='ltr'>Carm.</span> <span class='ocrx_word' id='word_1_181' title='bbox 336 3560 356 3606; x_wconf 92' lang='lat'>1,</span> <span class='ocrx_word' id='word_1_182' title='bbox 374 3543 429 3607; x_wconf 81' lang='lat'>2,3</span> <span class='ocrx_word' id='word_1_183' title='bbox 446 3560 534 3615; x_wconf 88' lang='lat' dir='ltr'>seqq.</span> 
     </span>
     <span class='ocr_line' id='line_1_27' title="bbox 150 3632 464 3705; baseline 0 -17"><span class='ocrx_word' id='word_1_184' title='bbox 150 3635 186 3702; x_wconf 83' lang='grc'>(4)</span> <span class='ocrx_word' id='word_1_185' title='bbox 207 3632 313 3688; x_wconf 85' lang='lat' dir='ltr'>Carm.</span> <span class='ocrx_word' id='word_1_186' title='bbox 334 3648 400 3688; x_wconf 81' lang='lat' dir='ltr'>saec.</span> <span class='ocrx_word' id='word_1_187' title='bbox 417 3634 464 3705; x_wconf 81' lang='lat'>69.</span> 
     </span>
    </p>

    <p class='ocr_par' dir='ltr' id='par_1_8' title="bbox 149 3722 365 3793">
     <span class='ocr_line' id='line_1_28' title="bbox 149 3722 365 3793; baseline 0.009 -16"><span class='ocrx_word' id='word_1_188' title='bbox 149 3722 191 3793; x_wconf 87' lang='grc'>(5)</span> <span class='ocrx_word' id='word_1_189' title='bbox 214 3722 302 3788; x_wconf 69' lang='lat' dir='ltr'>leid„</span> <span class='ocrx_word' id='word_1_190' title='bbox 319 3722 365 3780; x_wconf 80' lang='lat'>65.</span> 
     </span>
    </p>

    <p class='ocr_par' dir='ltr' id='par_1_9' title="bbox 148 3810 433 3883">
     <span class='ocr_line' id='line_1_29' title="bbox 148 3810 433 3883; baseline -0.004 -16"><span class='ocrx_word' id='word_1_191' title='bbox 148 3812 189 3882; x_wconf 86' lang='grc'>(6)</span> <span class='ocrx_word' id='word_1_192' title='bbox 209 3810 306 3883; x_wconf 83' lang='lat' dir='ltr'>Epod.</span> <span class='ocrx_word' id='word_1_193' title='bbox 323 3812 349 3879; x_wconf 90' lang='grc'>5,</span> <span class='ocrx_word' id='word_1_194' title='bbox 371 3829 433 3866; x_wconf 86' lang='grc' dir='ltr'>ιοο.</span> 
     </span>
    </p>

    <p class='ocr_par' dir='ltr' id='par_1_10' title="bbox 148 3899 562 4062">
     <span class='ocr_line' id='line_1_30' title="bbox 148 3899 535 3972; baseline -0.003 -17"><span class='ocrx_word' id='word_1_195' title='bbox 148 3900 189 3972; x_wconf 86' lang='grc'>(7)</span> <span class='ocrx_word' id='word_1_196' title='bbox 209 3899 312 3956; x_wconf 83' lang='lat' dir='ltr'>Carm.</span> <span class='ocrx_word' id='word_1_197' title='bbox 336 3917 358 3966; x_wconf 87' lang='lat'>1,</span> <span class='ocrx_word' id='word_1_198' title='bbox 373 3918 420 3968; x_wconf 86' lang='lat'>20,</span> <span class='ocrx_word' id='word_1_199' title='bbox 438 3899 452 3954; x_wconf 82' lang='lat'>3</span> <span class='ocrx_word' id='word_1_200' title='bbox 470 3917 535 3972; x_wconf 88' lang='lat' dir='ltr'>sqq.</span> 
     </span>
     <span class='ocr_line' id='line_1_31' title="bbox 148 3987 562 4062; baseline 0.002 -18"><span class='ocrx_word' id='word_1_201' title='bbox 148 3988 194 4060; x_wconf 91' lang='lat'>(8)</span> <span class='ocrx_word' id='word_1_202' title='bbox 216 3987 326 4045; x_wconf 83' lang='lat' dir='ltr'>Carm.</span> <span class='ocrx_word' id='word_1_203' title='bbox 355 4006 376 4053; x_wconf 91' lang='grc' dir='ltr'>ι,</span> <span class='ocrx_word' id='word_1_204' title='bbox 396 4007 424 4054; x_wconf 75' lang='lat'>2,</span> <span class='ocrx_word' id='word_1_205' title='bbox 446 3988 478 4043; x_wconf 85' lang='lat'>13</span> <span class='ocrx_word' id='word_1_206' title='bbox 494 4007 562 4062; x_wconf 74' lang='lat' dir='ltr'>sqq,</span> 
     </span>
    </p>
   </div>
   <div class='ocr_carea' id='block_1_7' title="bbox 146 4076 462 4242">
    <p class='ocr_par' dir='ltr' id='par_1_11' title="bbox 146 4076 462 4242">
     <span class='ocr_line' id='line_1_32' title="bbox 146 4076 388 4151; baseline 0 -2"><span class='ocrx_word' id='word_1_207' title='bbox 146 4077 189 4151; x_wconf 85' lang='lat'>(9)</span> <span class='ocrx_word' id='word_1_208' title='bbox 209 4076 305 4150; x_wconf 68' lang='lat' dir='ltr'>Epor.</span> <span class='ocrx_word' id='word_1_209' title='bbox 320 4095 347 4146; x_wconf 73' lang='lat'>2,</span> <span class='ocrx_word' id='word_1_210' title='bbox 361 4095 388 4149; x_wconf 91' lang='lat'>7·</span> 
     </span>
     <span class='ocr_line' id='line_1_33' title="bbox 147 4165 462 4242; baseline 0.006 -23"><span class='ocrx_word' id='word_1_211' title='bbox 147 4165 207 4242; x_wconf 92' lang='grc' dir='ltr'>(ιο)</span> <span class='ocrx_word' id='word_1_212' title='bbox 227 4165 332 4227; x_wconf 85' lang='lat' dir='ltr'>Carm.</span> <span class='ocrx_word' id='word_1_213' title='bbox 349 4184 372 4235; x_wconf 97' lang='grc' dir='ltr'>ι,</span> <span class='ocrx_word' id='word_1_214' title='bbox 390 4167 419 4235; x_wconf 90' lang='grc'>8,</span> <span class='ocrx_word' id='word_1_215' title='bbox 436 4166 462 4233; x_wconf 78' lang='lat'>3,</span> 
     </span>
    </p>
   </div>
   <div class='ocr_carea' id='block_1_8' title="bbox 0 0 1490 5280">
    <p class='ocr_par' dir='ltr' id='par_1_12' title="bbox 0 0 1490 5280">
     <span class='ocr_line' id='line_1_34' title="bbox 0 0 1490 5280; baseline 0 4"><span class='ocrx_word' id='word_1_216' title='bbox 0 0 1490 5280; x_wconf 95' lang='lat' dir='ltr'> </span> 
     </span>
    </p>
   </div>
  </div>
 </body>
</html>
