<?xml version="1.0" encoding="UTF-8"?>
<!DOCTYPE html PUBLIC "-//W3C//DTD XHTML 1.0 Transitional//EN"
    "http://www.w3.org/TR/xhtml1/DTD/xhtml1-transitional.dtd">
<html xmlns="http://www.w3.org/1999/xhtml" xml:lang="en" lang="en">
 <head>
  <title>
</title>
<meta http-equiv="Content-Type" content="text/html;charset=utf-8" />
  <meta name='ocr-system' content='tesseract 3.04.00' />
  <meta name='ocr-capabilities' content='ocr_page ocr_carea ocr_par ocr_line ocrx_word'/>
</head>
<body>
  <div class='ocr_page' id='page_1' title='image "./quidvereromanum00devagoog_0100.png"; bbox 0 0 2970 5280; ppageno 0'>
   <div class='ocr_carea' id='block_1_1' title="bbox 182 534 1302 1563">
    <p class='ocr_par' dir='ltr' id='par_1_1' title="bbox 182 534 1302 1563">
     <span class='ocr_line' id='line_1_1' title="bbox 650 534 828 602; baseline -0.006 -39"><span class='ocrx_word' id='word_1_1' title='bbox 650 534 756 602; x_wconf 71' lang='lat'>..91</span> <span class='ocrx_word' id='word_1_2' title='bbox 788 551 828 562; x_wconf 85' lang='lat'><em>-</em></span> 
     </span>
     <span class='ocr_line' id='line_1_2' title="bbox 183 655 1302 748; baseline -0.001 -22"><span class='ocrx_word' id='word_1_3' title='bbox 183 680 294 748; x_wconf 91' lang='lat' dir='ltr'>quam</span> <span class='ocrx_word' id='word_1_4' title='bbox 319 675 436 726; x_wconf 90' lang='lat' dir='ltr'>vetera</span> <span class='ocrx_word' id='word_1_5' title='bbox 453 674 488 724; x_wconf 91' lang='lat' dir='ltr'>et</span> <span class='ocrx_word' id='word_1_6' title='bbox 508 655 707 746; x_wconf 89' lang='lat' dir='ltr'>periculosa</span> <span class='ocrx_word' id='word_1_7' title='bbox 725 656 874 723; x_wconf 82' lang='lat' dir='ltr'>mallent</span> <span class='ocrx_word' id='word_1_8' title='bbox 900 682 916 718; x_wconf 71' lang='lat' dir='ltr'>a</span> <span class='ocrx_word' id='word_1_9' title='bbox 942 656 998 744; x_wconf 83' lang='lat'><em>(1).</em></span> <span class='ocrx_word' id='word_1_10' title='bbox 1028 655 1201 726; x_wconf 85' lang='lat' dir='ltr'>Servilem</span> <span class='ocrx_word' id='word_1_11' title='bbox 1224 680 1302 726; x_wconf 92' lang='lat' dir='ltr'>eam</span> 
     </span>
     <span class='ocr_line' id='line_1_3' title="bbox 183 771 1301 864; baseline 0 -22"><span class='ocrx_word' id='word_1_12' title='bbox 183 797 266 842; x_wconf 92' lang='lat' dir='ltr'>cum</span> <span class='ocrx_word' id='word_1_13' title='bbox 285 773 451 864; x_wconf 85' lang='lat' dir='ltr'>Principe</span> <span class='ocrx_word' id='word_1_14' title='bbox 474 772 776 841; x_wconf 85' lang='lat' dir='ltr'>consuetudinem</span> <span class='ocrx_word' id='word_1_15' title='bbox 798 771 977 856; x_wconf 85' lang='lat' dir='ltr'>dixerunt,</span> <span class='ocrx_word' id='word_1_16' title='bbox 999 771 1110 841; x_wconf 92' lang='lat' dir='ltr'>immo</span> <span class='ocrx_word' id='word_1_17' title='bbox 1128 775 1301 858; x_wconf 89' lang='lat' dir='ltr'>venalem,</span> 
     </span>
     <span class='ocr_line' id='line_1_4' title="bbox 184 888 1302 981; baseline 0 -23"><span class='ocrx_word' id='word_1_18' title='bbox 184 889 302 981; x_wconf 87' lang='lat' dir='ltr'>quasi,</span> <span class='ocrx_word' id='word_1_19' title='bbox 320 907 424 958; x_wconf 83' lang='lat' dir='ltr'>exuta</span> <span class='ocrx_word' id='word_1_20' title='bbox 444 888 543 958; x_wconf 90' lang='lat' dir='ltr'>omni</span> <span class='ocrx_word' id='word_1_21' title='bbox 568 889 801 980; x_wconf 76' lang='lat' dir='ltr'>ingenuitate,</span> <span class='ocrx_word' id='word_1_22' title='bbox 824 906 928 980; x_wconf 90' lang='lat' dir='ltr'>poeta</span> <span class='ocrx_word' id='word_1_23' title='bbox 951 911 1090 957; x_wconf 90' lang='lat' dir='ltr'>musam</span> <span class='ocrx_word' id='word_1_24' title='bbox 1113 890 1226 978; x_wconf 90' lang='lat' dir='ltr'>pretio</span> <span class='ocrx_word' id='word_1_25' title='bbox 1241 891 1302 958; x_wconf 88' lang='lat' dir='ltr'>ad-</span> 
     </span>
     <span class='ocr_line' id='line_1_5' title="bbox 184 1005 1302 1096; baseline 0 -22"><span class='ocrx_word' id='word_1_26' title='bbox 184 1006 343 1075; x_wconf 85' lang='lat' dir='ltr'>dixisset.</span> <span class='ocrx_word' id='word_1_27' title='bbox 365 1007 469 1095; x_wconf 92' lang='lat' dir='ltr'>Quos</span> <span class='ocrx_word' id='word_1_28' title='bbox 484 1005 511 1072; x_wconf 92' lang='lat' dir='ltr'>si</span> <span class='ocrx_word' id='word_1_29' title='bbox 527 1006 652 1074; x_wconf 88' lang='lat' dir='ltr'>audias</span> <span class='ocrx_word' id='word_1_30' title='bbox 666 1028 843 1090; x_wconf 86' lang='lat' dir='ltr'>censores,</span> <span class='ocrx_word' id='word_1_31' title='bbox 867 1005 1037 1075; x_wconf 81' lang='lat' dir='ltr'>illiberale</span> <span class='ocrx_word' id='word_1_32' title='bbox 1055 1006 1142 1074; x_wconf 88' lang='lat' dir='ltr'>illud</span> <span class='ocrx_word' id='word_1_33' title='bbox 1159 1025 1302 1096; x_wconf 88' lang='lat' dir='ltr'>pactum</span> 
     </span>
     <span class='ocr_line' id='line_1_6' title="bbox 182 1121 1301 1214; baseline -0.001 -23"><span class='ocrx_word' id='word_1_34' title='bbox 182 1123 425 1214; x_wconf 86' lang='lat' dir='ltr'>praenuntiare</span> <span class='ocrx_word' id='word_1_35' title='bbox 443 1122 644 1206; x_wconf 90' lang='lat' dir='ltr'>videbatur,</span> <span class='ocrx_word' id='word_1_36' title='bbox 660 1143 742 1190; x_wconf 94' lang='lat' dir='ltr'>cum</span> <span class='ocrx_word' id='word_1_37' title='bbox 765 1122 801 1190; x_wconf 92' lang='lat' dir='ltr'>in</span> <span class='ocrx_word' id='word_1_38' title='bbox 825 1121 932 1191; x_wconf 88' lang='lat' dir='ltr'>satira</span> <span class='ocrx_word' id='word_1_39' title='bbox 956 1140 1036 1212; x_wconf 85' lang='lat' dir='ltr'>post</span> <span class='ocrx_word' id='word_1_40' title='bbox 1053 1122 1222 1191; x_wconf 89' lang='lat' dir='ltr'>actiacam</span> <span class='ocrx_word' id='word_1_41' title='bbox 1237 1146 1301 1213; x_wconf 90' lang='lat' dir='ltr'>pu-</span> 
     </span>
     <span class='ocr_line' id='line_1_7' title="bbox 183 1238 1302 1331; baseline -0.001 -25"><span class='ocrx_word' id='word_1_42' title='bbox 183 1262 291 1330; x_wconf 88' lang='lat' dir='ltr'>gnam</span> <span class='ocrx_word' id='word_1_43' title='bbox 310 1239 454 1331; x_wconf 87' lang='lat' dir='ltr'>scripta,</span> <span class='ocrx_word' id='word_1_44' title='bbox 472 1239 642 1308; x_wconf 89' lang='lat' dir='ltr'>Trebatio</span> <span class='ocrx_word' id='word_1_45' title='bbox 667 1239 830 1307; x_wconf 89' lang='lat' dir='ltr'>suadenti</span> <span class='ocrx_word' id='word_1_46' title='bbox 859 1257 897 1306; x_wconf 90' lang='lat' dir='ltr'>ut</span> <span class='ocrx_word' id='word_1_47' title='bbox 920 1239 1073 1308; x_wconf 87' lang='lat' dir='ltr'>Caesaris</span> <span class='ocrx_word' id='word_1_48' title='bbox 1099 1238 1220 1307; x_wconf 89' lang='lat' dir='ltr'>invicti</span> <span class='ocrx_word' id='word_1_49' title='bbox 1249 1260 1302 1308; x_wconf 86' lang='lat' dir='ltr'>res</span> 
     </span>
     <span class='ocr_line' id='line_1_8' title="bbox 182 1355 1302 1446; baseline -0.001 -23"><span class='ocrx_word' id='word_1_50' title='bbox 182 1356 329 1441; x_wconf 90' lang='lat' dir='ltr'>diceret,</span> <span class='ocrx_word' id='word_1_51' title='bbox 351 1385 367 1420; x_wconf 88' lang='lat'>«</span> <span class='ocrx_word' id='word_1_52' title='bbox 385 1356 499 1425; x_wconf 89' lang='lat' dir='ltr'>multa</span> <span class='ocrx_word' id='word_1_53' title='bbox 520 1356 685 1425; x_wconf 88' lang='lat' dir='ltr'>laborum</span> <span class='ocrx_word' id='word_1_54' title='bbox 702 1355 847 1445; x_wconf 88' lang='lat' dir='ltr'>praemia</span> <span class='ocrx_word' id='word_1_55' title='bbox 876 1356 1049 1424; x_wconf 89' lang='lat' dir='ltr'>laturus»</span> <span class='ocrx_word' id='word_1_56' title='bbox 1071 1357 1126 1444; x_wconf 86' lang='lat'>(2),</span> <span class='ocrx_word' id='word_1_57' title='bbox 1155 1378 1302 1446; x_wconf 89' lang='lat' dir='ltr'>respon·</span> 
     </span>
     <span class='ocr_line' id='line_1_9' title="bbox 183 1472 690 1563; baseline 0.002 -24"><span class='ocrx_word' id='word_1_58' title='bbox 183 1473 283 1543; x_wconf 90' lang='lat' dir='ltr'>deret</span> <span class='ocrx_word' id='word_1_59' title='bbox 299 1473 433 1563; x_wconf 89' lang='lat' dir='ltr'>absque</span> <span class='ocrx_word' id='word_1_60' title='bbox 450 1472 663 1563; x_wconf 84' lang='lat' dir='ltr'>ambagibus</span> <span class='ocrx_word' id='word_1_61' title='bbox 683 1493 690 1540; x_wconf 76' lang='grc' dir='ltr'>ε</span> 
     </span>
    </p>
   </div>
   <div class='ocr_carea' id='block_1_2' title="bbox 397 1613 903 1777">
    <p class='ocr_par' dir='ltr' id='par_1_2' title="bbox 397 1613 903 1777">
     <span class='ocr_line' id='line_1_10' title="bbox 614 1613 903 1670; baseline 0 0"><span class='ocrx_word' id='word_1_62' title='bbox 614 1616 704 1670; x_wconf 93' lang='lat' dir='ltr'>Haud</span> <span class='ocrx_word' id='word_1_63' title='bbox 721 1613 794 1670; x_wconf 91' lang='lat' dir='ltr'>mihi</span> <span class='ocrx_word' id='word_1_64' title='bbox 812 1615 903 1670; x_wconf 91' lang='lat' dir='ltr'>deero</span> 
     </span>
     <span class='ocr_line' id='line_1_11' title="bbox 397 1703 750 1777; baseline -0.006 -18"><span class='ocrx_word' id='word_1_65' title='bbox 397 1705 475 1759; x_wconf 89' lang='lat' dir='ltr'>Cum</span> <span class='ocrx_word' id='word_1_66' title='bbox 491 1721 537 1759; x_wconf 91' lang='lat' dir='ltr'>res</span> <span class='ocrx_word' id='word_1_67' title='bbox 554 1703 619 1777; x_wconf 86' lang='lat' dir='ltr'>ipsa</span> <span class='ocrx_word' id='word_1_68' title='bbox 636 1704 750 1761; x_wconf 87' lang='lat' dir='ltr'>feret...</span> 
     </span>
    </p>
   </div>
   <div class='ocr_carea' id='block_1_3' title="bbox 178 1867 1304 3690">
    <p class='ocr_par' dir='ltr' id='par_1_3' title="bbox 178 1867 1304 3690">
     <span class='ocr_line' id='line_1_12' title="bbox 228 1867 1302 1958; baseline -0.001 -21"><span class='ocrx_word' id='word_1_69' title='bbox 228 1871 434 1958; x_wconf 85' lang='lat' dir='ltr'>Antequam</span> <span class='ocrx_word' id='word_1_70' title='bbox 474 1890 557 1936; x_wconf 90' lang='lat' dir='ltr'>vero</span> <span class='ocrx_word' id='word_1_71' title='bbox 595 1868 874 1958; x_wconf 83' lang='lat' dir='ltr'>ignominiosam</span> <span class='ocrx_word' id='word_1_72' title='bbox 910 1891 988 1937; x_wconf 86' lang='lat' dir='ltr'>earn</span> <span class='ocrx_word' id='word_1_73' title='bbox 1020 1867 1154 1937; x_wconf 89' lang='lat' dir='ltr'>venalis</span> <span class='ocrx_word' id='word_1_74' title='bbox 1192 1868 1302 1937; x_wconf 91' lang='lat' dir='ltr'>animi</span> 
     </span>
     <span class='ocr_line' id='line_1_13' title="bbox 182 1984 1301 2069; baseline 0.001 -17"><span class='ocrx_word' id='word_1_75' title='bbox 182 1984 300 2053; x_wconf 89' lang='lat' dir='ltr'>labem</span> <span class='ocrx_word' id='word_1_76' title='bbox 320 1984 462 2053; x_wconf 91' lang='lat' dir='ltr'>Horatii</span> <span class='ocrx_word' id='word_1_77' title='bbox 481 1985 873 2069; x_wconf 88' lang='lat' dir='ltr'>memoriaeinurerent‚</span> <span class='ocrx_word' id='word_1_78' title='bbox 892 1985 1069 2054; x_wconf 86' lang='lat' dir='ltr'>aestimare</span> <span class='ocrx_word' id='word_1_79' title='bbox 1079 1984 1301 2068; x_wconf 86' lang='lat' dir='ltr'>debuissent,</span> 
     </span>
     <span class='ocr_line' id='line_1_14' title="bbox 183 2101 1302 2194; baseline 0.001 -26"><span class='ocrx_word' id='word_1_80' title='bbox 183 2120 308 2170; x_wconf 91' lang='lat' dir='ltr'>utrum</span> <span class='ocrx_word' id='word_1_81' title='bbox 326 2124 367 2169; x_wconf 91' lang='lat' dir='ltr'>ex</span> <span class='ocrx_word' id='word_1_82' title='bbox 385 2118 461 2169; x_wconf 92' lang='lat' dir='ltr'>toto</span> <span class='ocrx_word' id='word_1_83' title='bbox 477 2118 592 2191; x_wconf 77' lang='lat' dir='ltr'>poetae</span> <span class='ocrx_word' id='word_1_84' title='bbox 617 2123 724 2191; x_wconf 92' lang='lat' dir='ltr'>opere</span> <span class='ocrx_word' id='word_1_85' title='bbox 745 2102 949 2169; x_wconf 86' lang='lat' dir='ltr'>romanisve</span> <span class='ocrx_word' id='word_1_86' title='bbox 967 2101 1149 2194; x_wconf 89' lang='lat' dir='ltr'>historicis</span> <span class='ocrx_word' id='word_1_87' title='bbox 1166 2121 1302 2170; x_wconf 92' lang='lat' dir='ltr'>certum</span> 
     </span>
     <span class='ocr_line' id='line_1_15' title="bbox 182 2216 1301 2309; baseline 0.002 -24"><span class='ocrx_word' id='word_1_88' title='bbox 182 2218 359 2307; x_wconf 91' lang='lat' dir='ltr'>quiddam</span> <span class='ocrx_word' id='word_1_89' title='bbox 390 2216 468 2286; x_wconf 92' lang='lat' dir='ltr'>elici</span> <span class='ocrx_word' id='word_1_90' title='bbox 495 2234 627 2306; x_wconf 83' lang='lat' dir='ltr'>posset,</span> <span class='ocrx_word' id='word_1_91' title='bbox 659 2218 755 2308; x_wconf 92' lang='lat' dir='ltr'>quod</span> <span class='ocrx_word' id='word_1_92' title='bbox 786 2218 970 2309; x_wconf 87' lang='lat' dir='ltr'>probabile</span> <span class='ocrx_word' id='word_1_93' title='bbox 998 2218 1133 2287; x_wconf 89' lang='lat' dir='ltr'>crimen</span> <span class='ocrx_word' id='word_1_94' title='bbox 1162 2219 1301 2287; x_wconf 77' lang='lat' dir='ltr'>laceret,</span> 
     </span>
     <span class='ocr_line' id='line_1_16' title="bbox 182 2334 1302 2425; baseline 0 -23"><span class='ocrx_word' id='word_1_95' title='bbox 182 2334 284 2423; x_wconf 90' lang='lat' dir='ltr'>Quid</span> <span class='ocrx_word' id='word_1_96' title='bbox 304 2334 422 2402; x_wconf 84' lang='lat' dir='ltr'>enim?</span> <span class='ocrx_word' id='word_1_97' title='bbox 445 2334 792 2402; x_wconf 88' lang='lat' dir='ltr'>Nonneadstrictior</span> <span class='ocrx_word' id='word_1_98' title='bbox 813 2334 863 2402; x_wconf 91' lang='lat' dir='ltr'>illi</span> <span class='ocrx_word' id='word_1_99' title='bbox 881 2356 962 2402; x_wconf 94' lang='lat' dir='ltr'>cum</span> <span class='ocrx_word' id='word_1_100' title='bbox 986 2336 1178 2404; x_wconf 87' lang='lat' dir='ltr'>Nlaecenate</span> <span class='ocrx_word' id='word_1_101' title='bbox 1195 2358 1302 2425; x_wconf 90' lang='lat' dir='ltr'>quam</span> 
     </span>
     <span class='ocr_line' id='line_1_17' title="bbox 182 2449 1303 2540; baseline 0.001 -22"><span class='ocrx_word' id='word_1_102' title='bbox 182 2473 267 2518; x_wconf 93' lang='lat' dir='ltr'>cum</span> <span class='ocrx_word' id='word_1_103' title='bbox 289 2453 456 2540; x_wconf 84' lang='lat' dir='ltr'>Augusto</span> <span class='ocrx_word' id='word_1_104' title='bbox 483 2449 650 2518; x_wconf 87' lang='lat' dir='ltr'>amicitiae</span> <span class='ocrx_word' id='word_1_105' title='bbox 681 2450 907 2519; x_wconf 90' lang='lat' dir='ltr'>necessitudo</span> <span class='ocrx_word' id='word_1_106' title='bbox 932 2450 1022 2519; x_wconf 80' lang='lat' dir='ltr'>fuit?</span> <span class='ocrx_word' id='word_1_107' title='bbox 1050 2452 1188 2520; x_wconf 88' lang='lat' dir='ltr'>Tamen</span> <span class='ocrx_word' id='word_1_108' title='bbox 1214 2452 1303 2520; x_wconf 88' lang='lat' dir='ltr'>adeo</span> 
     </span>
     <span class='ocr_line' id='line_1_18' title="bbox 185 2566 1304 2658; baseline 0.001 -24"><span class='ocrx_word' id='word_1_109' title='bbox 185 2589 258 2634; x_wconf 92' lang='lat' dir='ltr'>non</span> <span class='ocrx_word' id='word_1_110' title='bbox 284 2566 484 2650; x_wconf 83' lang='lat' dir='ltr'>modestiae,</span> <span class='ocrx_word' id='word_1_111' title='bbox 506 2566 725 2656; x_wconf 93' lang='lat' dir='ltr'>philosopho</span> <span class='ocrx_word' id='word_1_112' title='bbox 747 2567 877 2657; x_wconf 83' lang='lat' dir='ltr'>dignae,</span> <span class='ocrx_word' id='word_1_113' title='bbox 909 2568 944 2635; x_wconf 93' lang='lat' dir='ltr'>in</span> <span class='ocrx_word' id='word_1_114' title='bbox 972 2567 1122 2657; x_wconf 90' lang='lat' dir='ltr'>gratiam</span> <span class='ocrx_word' id='word_1_115' title='bbox 1149 2568 1304 2658; x_wconf 91' lang='lat' dir='ltr'>potentis</span> 
     </span>
     <span class='ocr_line' id='line_1_19' title="bbox 182 2681 1302 2785; baseline 0.002 -34"><span class='ocrx_word' id='word_1_116' title='bbox 182 2683 288 2751; x_wconf 89' lang='lat' dir='ltr'>amici</span> <span class='ocrx_word' id='word_1_117' title='bbox 314 2683 497 2765; x_wconf 83' lang='lat' dir='ltr'>valedixit,</span> <span class='ocrx_word' id='word_1_118' title='bbox 515 2701 553 2752; x_wconf 90' lang='lat' dir='ltr'>ut</span> <span class='ocrx_word' id='word_1_119' title='bbox 570 2682 656 2750; x_wconf 91' lang='lat' dir='ltr'>satis</span> <span class='ocrx_word' id='word_1_120' title='bbox 677 2705 713 2749; x_wconf 92' lang='lat' dir='ltr'>se</span> <span class='ocrx_word' id='word_1_121' title='bbox 733 2682 878 2751; x_wconf 86' lang='lat' dir='ltr'>beatum</span> <span class='ocrx_word' id='word_1_122' title='bbox 901 2683 1017 2785; x_wconf 76' lang='lat' dir='ltr'>unicis</span> <span class='ocrx_word' id='word_1_123' title='bbox 1040 2681 1183 2754; x_wconf 88' lang='lat' dir='ltr'>Sabinis</span> <span class='ocrx_word' id='word_1_124' title='bbox 1208 2685 1302 2753; x_wconf 92' lang='lat' dir='ltr'>dice·</span> 
     </span>
     <span class='ocr_line' id='line_1_20' title="bbox 183 2798 1303 2888; baseline -0.002 -20"><span class='ocrx_word' id='word_1_125' title='bbox 183 2817 236 2868; x_wconf 90' lang='lat' dir='ltr'>ret</span> <span class='ocrx_word' id='word_1_126' title='bbox 263 2800 330 2887; x_wconf 82' lang='lat'>(3);</span> <span class='ocrx_word' id='word_1_127' title='bbox 356 2799 517 2888; x_wconf 89' lang='lat' dir='ltr'>adeoque</span> <span class='ocrx_word' id='word_1_128' title='bbox 543 2798 718 2867; x_wconf 88' lang='lat' dir='ltr'>libertatis</span> <span class='ocrx_word' id='word_1_129' title='bbox 745 2817 905 2868; x_wconf 89' lang='lat' dir='ltr'>tenacem</span> <span class='ocrx_word' id='word_1_130' title='bbox 931 2822 968 2867; x_wconf 91' lang='lat' dir='ltr'>se</span> <span class='ocrx_word' id='word_1_131' title='bbox 993 2800 1167 2881; x_wconf 85' lang='lat' dir='ltr'>exhibuit,</span> <span class='ocrx_word' id='word_1_132' title='bbox 1195 2818 1247 2883; x_wconf 91' lang='lat' dir='ltr'>ut,</span> <span class='ocrx_word' id='word_1_133' title='bbox 1273 2801 1303 2867; x_wconf 88' lang='lat' dir='ltr'>si</span> 
     </span>
     <span class='ocr_line' id='line_1_21' title="bbox 182 2914 1302 3000; baseline 0.002 -17"><span class='ocrx_word' id='word_1_134' title='bbox 182 2915 350 2984; x_wconf 88' lang='lat' dir='ltr'>amicitiae</span> <span class='ocrx_word' id='word_1_135' title='bbox 381 2915 527 2983; x_wconf 91' lang='lat' dir='ltr'>nomine</span> <span class='ocrx_word' id='word_1_136' title='bbox 556 2914 743 2983; x_wconf 89' lang='lat' dir='ltr'>servitium</span> <span class='ocrx_word' id='word_1_137' title='bbox 764 2916 950 2984; x_wconf 84' lang='lat' dir='ltr'>ferendum</span> <span class='ocrx_word' id='word_1_138' title='bbox 984 2933 1089 3000; x_wconf 89' lang='lat' dir='ltr'>esset,</span> <span class='ocrx_word' id='word_1_139' title='bbox 1120 2936 1246 2985; x_wconf 88' lang='lat' dir='ltr'>cuncta</span> <span class='ocrx_word' id='word_1_140' title='bbox 1267 2941 1302 2985; x_wconf 90' lang='lat' dir='ltr'>se</span> 
     </span>
     <span class='ocr_line' id='line_1_22' title="bbox 182 3032 1303 3122; baseline -0.001 -22"><span class='ocrx_word' id='word_1_141' title='bbox 182 3032 363 3121; x_wconf 91' lang='lat' dir='ltr'>resignare</span> <span class='ocrx_word' id='word_1_142' title='bbox 382 3049 544 3122; x_wconf 92' lang='lat' dir='ltr'>paratum</span> <span class='ocrx_word' id='word_1_143' title='bbox 562 3032 718 3120; x_wconf 90' lang='lat' dir='ltr'>ingenua</span> <span class='ocrx_word' id='word_1_144' title='bbox 734 3054 818 3100; x_wconf 93' lang='lat' dir='ltr'>voce</span> <span class='ocrx_word' id='word_1_145' title='bbox 833 3034 1060 3122; x_wconf 88' lang='lat' dir='ltr'>profiteretur</span> <span class='ocrx_word' id='word_1_146' title='bbox 1077 3036 1134 3120; x_wconf 83' lang='lat'><strong>(4).</strong></span> <span class='ocrx_word' id='word_1_147' title='bbox 1156 3035 1200 3102; x_wconf 90' lang='lat' dir='ltr'>Et</span> <span class='ocrx_word' id='word_1_148' title='bbox 1220 3054 1303 3101; x_wconf 92' lang='lat' dir='ltr'>vero</span> 
     </span>
     <span class='ocr_line' id='line_1_23' title="bbox 182 3146 1302 3240; baseline 0.001 -24"><span class='ocrx_word' id='word_1_149' title='bbox 182 3166 362 3239; x_wconf 89' lang='lat' dir='ltr'>quantum</span> <span class='ocrx_word' id='word_1_150' title='bbox 382 3146 511 3216; x_wconf 84' lang='lat' dir='ltr'>aluerit</span> <span class='ocrx_word' id='word_1_151' title='bbox 531 3166 570 3216; x_wconf 91' lang='lat' dir='ltr'>ut</span> <span class='ocrx_word' id='word_1_152' title='bbox 583 3146 779 3214; x_wconf 91' lang='lat' dir='ltr'>officiosam</span> <span class='ocrx_word' id='word_1_153' title='bbox 795 3147 1022 3217; x_wconf 89' lang='lat' dir='ltr'>sedulitatem</span> <span class='ocrx_word' id='word_1_154' title='bbox 1036 3152 1201 3239; x_wconf 83' lang='lat' dir='ltr'>Augusto</span> <span class='ocrx_word' id='word_1_155' title='bbox 1219 3172 1302 3240; x_wconf 81' lang='lat' dir='ltr'>pree·</span> 
     </span>
     <span class='ocr_line' id='line_1_24' title="bbox 182 3262 1303 3354; baseline 0 -22"><span class='ocrx_word' id='word_1_156' title='bbox 182 3280 293 3333; x_wconf 89' lang='lat' dir='ltr'>staret</span> <span class='ocrx_word' id='word_1_157' title='bbox 314 3281 492 3332; x_wconf 88' lang='lat' dir='ltr'>testantur</span> <span class='ocrx_word' id='word_1_158' title='bbox 515 3262 688 3354; x_wconf 91' lang='lat' dir='ltr'>principis</span> <span class='ocrx_word' id='word_1_159' title='bbox 713 3264 888 3354; x_wconf 86' lang='lat' dir='ltr'>epistulae,</span> <span class='ocrx_word' id='word_1_160' title='bbox 914 3287 933 3332; x_wconf 87' lang='lat' dir='ltr'>a</span> <span class='ocrx_word' id='word_1_161' title='bbox 962 3264 1135 3335; x_wconf 89' lang='lat' dir='ltr'>Suetonio</span> <span class='ocrx_word' id='word_1_162' title='bbox 1161 3265 1196 3334; x_wconf 92' lang='lat' dir='ltr'>in</span> <span class='ocrx_word' id='word_1_163' title='bbox 1221 3265 1303 3332; x_wconf 85' lang='lat' dir='ltr'>Vita</span> 
     </span>
     <span class='ocr_line' id='line_1_25' title="bbox 183 3379 1302 3471; baseline 0.001 -23"><span class='ocrx_word' id='word_1_164' title='bbox 183 3379 328 3448; x_wconf 88' lang='lat' dir='ltr'>Horatii</span> <span class='ocrx_word' id='word_1_165' title='bbox 350 3381 394 3447; x_wconf 93' lang='lat' dir='ltr'>ad</span> <span class='ocrx_word' id='word_1_166' title='bbox 421 3379 574 3447; x_wconf 91' lang='lat' dir='ltr'>verbum</span> <span class='ocrx_word' id='word_1_167' title='bbox 600 3379 836 3468; x_wconf 84' lang='lat' dir='ltr'>transcriptae,</span> <span class='ocrx_word' id='word_1_168' title='bbox 868 3402 948 3470; x_wconf 87' lang='lat' dir='ltr'>quae</span> <span class='ocrx_word' id='word_1_169' title='bbox 976 3398 1015 3448; x_wconf 91' lang='lat' dir='ltr'>ut</span> <span class='ocrx_word' id='word_1_170' title='bbox 1038 3383 1192 3471; x_wconf 84' lang='lat' dir='ltr'>Augusti</span> <span class='ocrx_word' id='word_1_171' title='bbox 1221 3404 1302 3471; x_wconf 91' lang='lat' dir='ltr'>pro·</span> 
     </span>
     <span class='ocr_line' id='line_1_26' title="bbox 180 3494 1302 3587; baseline 0 -23"><span class='ocrx_word' id='word_1_172' title='bbox 180 3494 412 3586; x_wconf 88' lang='lat' dir='ltr'>pensissimae</span> <span class='ocrx_word' id='word_1_173' title='bbox 435 3495 470 3563; x_wconf 92' lang='lat' dir='ltr'>in</span> <span class='ocrx_word' id='word_1_174' title='bbox 497 3494 692 3564; x_wconf 90' lang='lat' dir='ltr'>Horatium</span> <span class='ocrx_word' id='word_1_175' title='bbox 713 3495 921 3582; x_wconf 89' lang='lat' dir='ltr'>voluntatis,</span> <span class='ocrx_word' id='word_1_176' title='bbox 946 3496 994 3564; x_wconf 91' lang='lat' dir='ltr'>ita</span> <span class='ocrx_word' id='word_1_177' title='bbox 1014 3497 1179 3587; x_wconf 89' lang='lat' dir='ltr'>ingenuae</span> <span class='ocrx_word' id='word_1_178' title='bbox 1194 3496 1302 3584; x_wconf 85' lang='lat' dir='ltr'>hujus</span> 
     </span>
     <span class='ocr_line' id='line_1_27' title="bbox 178 3612 1302 3690; baseline 0 -8"><span class='ocrx_word' id='word_1_179' title='bbox 178 3613 358 3690; x_wconf 84' lang='lat' dir='ltr'>libertatis</span> <span class='ocrx_word' id='word_1_180' title='bbox 385 3612 627 3682; x_wconf 91' lang='lat' dir='ltr'>clarissimum</span> <span class='ocrx_word' id='word_1_181' title='bbox 652 3631 792 3682; x_wconf 84' lang='lat' dir='ltr'>exstant</span> <span class='ocrx_word' id='word_1_182' title='bbox 817 3631 1108 3684; x_wconf 90' lang='lat' dir='ltr'>monumentum.</span> <span class='ocrx_word' id='word_1_183' title='bbox 1131 3613 1302 3684; x_wconf 87' lang='lat' dir='ltr'>Officium</span> 
     </span>
    </p>
   </div>
   <div class='ocr_carea' id='block_1_4' title="bbox 215 3877 793 4126">
    <p class='ocr_par' dir='ltr' id='par_1_4' title="bbox 215 3877 793 4126">
     <span class='ocr_line' id='line_1_28' title="bbox 215 3877 540 3950; baseline -0.006 -17"><span class='ocrx_word' id='word_1_184' title='bbox 215 3879 258 3950; x_wconf 81' lang='grc' dir='ltr'>(ι)</span> <span class='ocrx_word' id='word_1_185' title='bbox 275 3877 361 3944; x_wconf 70' lang='lat' dir='ltr'>Tne„</span> <span class='ocrx_word' id='word_1_186' title='bbox 382 3877 460 3933; x_wconf 79' lang='lat' dir='ltr'>Anu.</span> <span class='ocrx_word' id='word_1_187' title='bbox 474 3895 496 3946; x_wconf 81' lang='lat' dir='ltr'>t,</span> <span class='ocrx_word' id='word_1_188' title='bbox 514 3895 540 3931; x_wconf 91' lang='lat'>2.</span> 
     </span>
     <span class='ocr_line' id='line_1_29' title="bbox 215 3967 504 4038; baseline -0.003 -15"><span class='ocrx_word' id='word_1_189' title='bbox 215 3967 258 4038; x_wconf 86' lang='lat'>(2)</span> <span class='ocrx_word' id='word_1_190' title='bbox 279 3967 349 4024; x_wconf 73' lang='lat' dir='ltr'>Str.</span> <span class='ocrx_word' id='word_1_191' title='bbox 367 3982 396 4033; x_wconf 88' lang='lat' dir='ltr'>rr,</span> <span class='ocrx_word' id='word_1_192' title='bbox 415 3985 439 4035; x_wconf 91' lang='lat'>1,</span> <span class='ocrx_word' id='word_1_193' title='bbox 457 3983 504 4022; x_wconf 89' lang='lat' dir='ltr'>ro.</span> 
     </span>
     <span class='ocr_line' id='line_1_30' title="bbox 218 4054 793 4126; baseline -0.005 -13"><span class='ocrx_word' id='word_1_194' title='bbox 218 4055 257 4122; x_wconf 81' lang='lat'>(3)</span> <span class='ocrx_word' id='word_1_195' title='bbox 277 4054 384 4110; x_wconf 85' lang='lat' dir='ltr'>Carm.</span> <span class='ocrx_word' id='word_1_196' title='bbox 399 4073 430 4123; x_wconf 94' lang='lat'>11,</span> <span class='ocrx_word' id='word_1_197' title='bbox 447 4054 492 4118; x_wconf 90' lang='lat'>18,</span> <span class='ocrx_word' id='word_1_198' title='bbox 512 4071 562 4126; x_wconf 82' lang='lat'>143</span> <span class='ocrx_word' id='word_1_199' title='bbox 577 4055 615 4111; x_wconf 84' lang='lat' dir='ltr'>cs.</span> <span class='ocrx_word' id='word_1_200' title='bbox 632 4057 701 4113; x_wconf 84' lang='lat' dir='ltr'>Sat.</span> <span class='ocrx_word' id='word_1_201' title='bbox 720 4073 751 4122; x_wconf 88' lang='lat'>11,</span> <span class='ocrx_word' id='word_1_202' title='bbox 767 4057 793 4112; x_wconf 83' lang='lat'>6.</span> 
     </span>
    </p>
   </div>
   <div class='ocr_carea' id='block_1_5' title="bbox 217 4143 519 4217">
    <p class='ocr_par' dir='ltr' id='par_1_5' title="bbox 217 4143 519 4217">
     <span class='ocr_line' id='line_1_31' title="bbox 217 4143 519 4217; baseline 0.007 -17"><span class='ocrx_word' id='word_1_203' title='bbox 217 4145 259 4216; x_wconf 84' lang='lat'>(4)</span> <span class='ocrx_word' id='word_1_204' title='bbox 280 4143 378 4217; x_wconf 83' lang='lat' dir='ltr'>Epist.</span> <span class='ocrx_word' id='word_1_205' title='bbox 392 4163 413 4211; x_wconf 89' lang='lat'>1,</span> <span class='ocrx_word' id='word_1_206' title='bbox 428 4161 456 4217; x_wconf 87' lang='lat'>7,</span> <span class='ocrx_word' id='word_1_207' title='bbox 474 4143 519 4215; x_wconf 82' lang='lat'>34.</span> 
     </span>
    </p>
   </div>
   <div class='ocr_carea' id='block_1_6' title="bbox 0 0 1490 5280">
    <p class='ocr_par' dir='ltr' id='par_1_6' title="bbox 0 0 1490 5280">
     <span class='ocr_line' id='line_1_32' title="bbox 0 0 1490 5280; baseline 0 0"><span class='ocrx_word' id='word_1_208' title='bbox 0 0 1490 5280; x_wconf 95' lang='lat' dir='ltr'> </span> 
     </span>
    </p>
   </div>
  </div>
 </body>
</html>
