2970 5280
594 569 640 582 -
662 547 708 618 49
736 568 778 580 —

126 705 220 754 runt.
239 687 366 776 Neque
379 687 415 755 in
426 688 524 758 Urbe
537 704 678 758 tantum
690 690 860 758 immanis
876 690 934 759 ille
951 692 1055 759 luxus
1069 691 1240 774 constitit,

126 802 188 869 sed
204 802 306 870 villas
322 803 430 872 etiam
446 803 589 874 invasit.
608 804 808 874 Liberrima
819 806 976 896 erumpit
993 807 1135 876 Horatii
1156 808 1248 877 indi·

125 918 259 1008 gnati0,
280 941 362 987 cum
391 936 529 1011 pestem
557 920 655 989 illam
685 921 863 1011 conspicit
898 924 962 1013 per'
995 939 1104 991 totam
1134 924 1246 993 ltaliae

125 1032 252 1102 faciem
269 1034 414 1124 jamjam
439 1054 673 1129 grassantem,
699 1060 780 1106 mox
808 1056 953 1128 propter
982 1038 1077 1129 regia
1098 1039 1246 1108 aedificia

124 1149 185 1218 vix
201 1167 317 1220 aratro
334 1174 445 1242 pauca
462 1153 583 1245 jugera
599 1154 805 1223 relicturam
816 1155 875 1242 (ι).
893 1154 1033 1244 Quidni
1045 1158 1245 1224 stomache-

124 1284 197 1351 tur,
215 1290 297 1336 cum
324 1268 471 1358 piscinae
499 1269 657 1338 Lucrino
674 1270 817 1339 latiores
853 1271 989 1362 passim
1017 1271 1244 1356 effodiantur,

125 1384 344 1474 inutilesque
371 1385 530 1470 arbores,
562 1385 675 1455 solius
700 1387 895 1478 voluptatis
915 1409 1034 1472 causa,
1050 1387 1086 1455 in
1116 1388 1244 1456 vitium

124 1501 416 1591 olivetorumque
433 1503 553 1571 locum
563 1503 767 1589 succedant,
786 1525 954 1593 cumque,
966 1502 1066 1592 jactis
1084 1504 1243 1573 inaltum

125 1616 299 1704 molibus,
317 1619 373 1686 vel
395 1617 430 1685 in
456 1618 535 1709 ipso
557 1619 667 1687 maris
683 1619 787 1688 litore
801 1620 932 1687 domos
955 1636 1135 1689 exstruere
1152 1619 1246 1688 cives

125 1749 333 1802 assuescant
353 1734 364 1800 i
382 1736 439 1822 (2).

171 1849 266 1920 Cum
284 1850 320 1918 in
341 1851 642 1919 consuetudinem
652 1852 832 1942 proverbii
845 1853 1003 1936 cesserit,
1016 1855 1153 1936 luxum,
1172 1876 1245 1943 quo

125 1967 260 2035 lautius
285 1967 320 2034 in
348 1967 534 2057 publicum
551 1969 712 2058 prodeat,
739 1991 781 2036 eo
809 1969 935 2036 viliora
964 1968 1134 2058 privatim
1159 1969 1245 2038 vitia

126 2085 319 2172 occultare,
337 2106 409 2152 non
427 2065 615 2154 miraberis
631 2083 659 2151 si
678 2106 866 2153 romanam
882 2086 1032 2153 domum
1049 2085 1244 2154 introeunti

124 2200 327 2270 foedissima
344 2222 509 2290 quaeque,
525 2202 622 2290 quod
638 2201 682 2268 ad
697 2222 816 2269 mores
827 2200 966 2286 attinet,
980 2201 1112 2292 saepius
1124 2224 1245 2271 occur-

126 2334 217 2389 rant.
239 2319 284 2387 Et
302 2340 398 2402 vero,
417 2340 489 2408 quo
505 2317 630 2386 recidit
646 2317 705 2386 illa
721 2317 1040 2386 matrimoniorum
1060 2318 1243 2403 sanctitas,

126 2459 197 2525 qua
213 2434 301 2503 olim
318 2457 374 2503 res
390 2433 533 2525 publica
549 2432 847 2523 viguissedicitur
865 2436 877 2502 l
896 2434 977 2502 lam
994 2434 1133 2525 pridem
1149 2433 1244 2524 flagi-

126 2552 231 2621 tiosis
247 2551 412 2623 moribus
434 2549 565 2619 inlecta
584 2551 715 2618 domus
730 2566 797 2635 est,
808 2566 842 2619 et
857 2549 1088 2619 matrimonia
1106 2551 1245 2619 adulte·

127 2668 190 2738 riis
209 2683 405 2759 corrupta..

341 2822 484 2878 Fecunda
499 2820 597 2894 culpae
615 2819 727 2876 saecula
742 2819 863 2893 nuptias

343 2921 480 2978 Primum
495 2919 705 2992 inquinavere,
715 2930 744 2975 et
755 2935 862 2992 genus,
879 2928 909 2973 et
922 2917 1052 2988 domus3

414 3019 482 3075 Hoc
502 3018 585 3075 fonte
600 3017 734 3074 derivata
749 3016 850 3072 clades

471 3118 507 3173 In
522 3115 651 3190 patriam
667 3115 876 3188 populumque
892 3112 979 3168 fluxit
993 3113 1043 3184 (3l.

103 3282 210 3372 'Qua
239 3279 477 3371 turpitudinis
506 3277 718 3366 contagione
744 3275 791 3345 ita
820 3288 990 3343 tenentur
1015 3273 1133 3355 liberi,
1162 3288 1245 3339 uta

127 3399 261 3470 teneris
286 3396 391 3466 annis
414 3396 450 3465 in
470 3415 617 3463 omnem
633 3392 814 3462 lasciviam
840 3389 978 3481 prolabi
1003 3387 1243 3456 condiscant:

127 3513 282 3584 ionicam
308 3509 609 3580 mollitiemdicas
635 3507 672 3574 in
701 3527 858 3575 romanae
891 3506 1022 3573 domus
1051 3501 1245 3591 penetralia

126 3630 341 3699 traductam.
359 3626 454 3694 Hinc
476 3625 584 3693 habes
604 3621 910 3692 luctuosissimam
937 3619 1036 3687 illam
1062 3615 1245 3706 augusteis

125 3744 353 3834 temporibus
369 3742 515 3812 familiae
531 3740 727 3831 imaginem
747 3759 754 3807 :
775 3755 940 3827 parentes
967 3733 1126 3803 vicissim
1144 3733 1245 3801 adul·
1351 3742 1356 3749 ·

163 3992 203 4061 (ι)
223 3988 330 4045 Carm.
345 4005 376 4056 11,
391 3985 435 4056 15,
450 4000 535 4056 seqq.

162 4080 204 4151 (a)
224 4077 331 4135 Carm.
347 4094 377 4141 11,
400 4074 442 4143 18,
457 4090 513 4142 203
528 4090 570 4142 ιιι,
592 4089 614 4140 r,
633 4069 682 4125 33.
697 4100 730 4108 —
746 4067 792 4123 Cl.
811 4067 881 4122 Suu.
898 4065 994 4138 Epist.
1013 4063 1060 4136 89,
1082 4079 1128 4117 ιι.

163 4168 203 4239 (3)
222 4167 327 4224 Carm.
349 4183 391 4234 ιιι,
407 4163 435 4233 6,
456 4180 499 4234 ¹7·

399 4279 402 4284 ’
1120 4255 1141 4307 4
