2970 5280
644 467 823 514 ..12-

175 589 235 658 lita
251 607 324 656 erat
341 610 487 657 romana
504 590 634 680 poesis,
651 608 689 657 ut
703 590 779 659 sine
789 592 928 659 damno
944 607 1066 679 posset
1081 588 1293 659 Graecorum

175 705 300 794 jugum
321 723 482 774 excutere
495 727 504 790 ;
524 725 700 795 quantum
721 707 817 773 enim
841 707 885 773 ad
911 707 1065 774 solutam
1093 707 1294 775 orationem

176 822 427 911 perficiendam
444 824 585 890 animos
602 839 744 890 acuerat
760 822 912 891 forensis
932 822 1078 890 libertas
1096 840 1202 911 atque
1217 846 1295 890 am-

176 937 348 1005 bitiosum
377 938 426 1005 rei
456 938 609 1027 publicae
643 939 869 1028 capessendae
899 937 1075 1023 studium,
1105 956 1246 1006 tantum
1276 963 1295 1007 a

176 1053 353 1121 sermonis
382 1054 509 1144 poetici
541 1055 731 1122 munditiis
766 1071 985 1136 removerat;
1017 1054 1168 1142 ideoque
1199 1056 1295 1143 apud

178 1172 361 1237 Romanos
378 1170 566 1253 acciderat,
589 1187 712 1238 contra
737 1193 775 1238 ac
800 1170 891 1238 ferre
919 1189 1043 1238 natura
1068 1170 1222 1254 videtur,
1242 1188 1294 1254 ut,

177 1285 349 1356 Cicerone
377 1285 530 1375 vigente,
560 1308 685 1353 omnes
717 1287 945 1376 perfectionis
979 1307 1148 1354 numeros
1179 1289 1296 1355 soluta
1378 1363 1382 1368 .

176 1402 290 1469 oratio
307 1403 520 1486 absolveret,
537 1403 675 1493 poetica
700 1424 784 1470 vero
802 1404 979 1493 permulta
997 1404 1184 1470 etiamtum
1202 1402 1296 1469 desi-

176 1519 314 1585 deraret
335 1520 391 1606 (ι).
415 1517 509 1587 Cum
527 1517 637 1608 igitur
657 1521 844 1608 Augustus
865 1528 1028 1606 pecasset
1046 1517 1295 1608 eloquentiam,

177 1651 290 1723 poetae
313 1633 429 1700 Musis
455 1634 599 1701 vacandi
626 1629 767 1724 copiam
793 1634 897 1718 nacti,
922 1634 1059 1724 poesim
1084 1633 1295 1723 diligentius

177 1749 358 1818 elaborare
381 1750 438 1817 vix
461 1750 562 1818 aliter
580 1767 774 1840 potuerunt
795 1773 902 1839 quam
921 1750 949 1817 si
964 1773 984 1817 a
1001 1749 1135 1819 Graecis
1152 1769 1190 1818 ut
1206 1750 1294 1818 olim

177 1866 336 1956 exempla
355 1882 525 1957 peterent.
553 1867 650 1934 Hinc
674 1885 726 1934 est
752 1868 849 1955 quod
870 1867 1044 1934 Horatius
1069 1885 1143 1934 tam
1168 1866 1297 1934 acriter

177 1981 314 2049 civibus
332 1982 407 2049 suis
436 2001 559 2050 auctor
584 2000 649 2064 est,
676 2001 714 2050 ut
740 1983 954 2072 exemplaria
978 2004 1090 2073 graeca
1122 1999 1297 2050 nocturna

178 2096 379 2186 diurnaque
393 2120 501 2166 manu
521 2119 661 2167 versare
677 2100 911 2186 assuescant(
935 2101 957 2185 ).

222 2211 258 2282 Si
279 2213 401 2281 minus
428 2215 463 2280 in
491 2212 740 2299 Semonibus,
770 2215 924 2283 maxime
950 2216 1075 2283 saltem
1105 2214 1140 2281 in
1177 2214 1296 2304 lyricis

177 2329 397 2397 carminibus
414 2331 611 2420 pangendis
629 2329 865 2399 necessariam
882 2353 959 2398 esse
974 2331 1071 2397 illam
1086 2329 1294 2398 Graecorum

178 2444 418 2539 imitationem
446 2446 590 2535 proprio
617 2446 789 2515 didicerat
814 2448 985 2536 periculo,
1009 2445 1103 2514 Cum
1131 2446 1227 2512 enirn
1259 2445 1294 2512 in

179 2562 356 2629 immenso
366 2562 565 2630 litterarum
583 2584 709 2652 campo
727 2562 814 2630 nibil
834 2563 904 2630 fere
919 2563 962 2629 ad
977 2563 1209 2629 excolendum
1227 2561 1296 2628 sibi

177 2677 342 2745 relictum
367 2700 444 2745 esse
473 2697 600 2767 praeter
628 2678 755 2766 lyricae
777 2679 895 2768 poesis
921 2679 1095 2768 angulum
1123 2695 1296 2760 cerneret,

179 2794 325 2882 lyricam
353 2792 496 2861 laudem
525 2815 595 2884 prae
625 2793 751 2862 ceteris
780 2793 981 2883 appetebat.
1014 2795 1146 2861 Parum
1174 2794 1297 2882 gloriae

179 2908 246 2976 sibi
263 2909 358 2999 apud
378 2927 539 2999 posteros
555 2928 697 3000 partum
713 2909 754 2977 iri
772 2909 1012 2978 arbitrabatur
1026 2910 1054 2976 si
1074 2909 1298 2977 Lucilianam

179 3025 337 3108 satiram,
354 3043 476 3116 utpote
491 3027 647 3094 sermoni
664 3025 881 3116 propiorem,
900 3027 1067 3116 perlicere
1086 3025 1171 3094 satis
1189 3026 1299 3093 habe-

179 3158 232 3208 ret
264 3142 332 3229 (3);
364 3141 504 3210 volebat
535 3143 651 3210 dicere
684 3143 801 3211 adhuc
834 3142 1011 3210 indictum
1039 3163 1099 3210 ore
1128 3142 1198 3209 alio
1231 3144 1296 3229 (4);

179 3257 318 3325 volebat
350 3258 515 3349 princeps
551 3258 695 3327 aeolium
730 3280 872 3326 carmen
908 3258 951 3325 ad
986 3259 1094 3326 Italos
1120 3257 1297 3326 deducere

178 3373 307 3440 modos
332 3376 403 3460 (5)3
431 3374 661 3465 collectisque
691 3375 728 3440 in
756 3394 871 3441 unum
899 3375 1068 3441 volumen
1094 3373 1297 3442 carminum

215 3640 253 3710 (ι)
279 3639 324 3695 Cf.
350 3640 519 3708 Perseum,
537 3642 579 3698 De
589 3640 666 3695 Hor.
687 3640 771 3714 poesi
792 3638 902 3714 lyrica,
921 3657 999 3713 pars.
1021 3659 1041 3704 1,
1058 3657 1087 3713 p.
1105 3658 1120 3693 2
1136 3639 1172 3711 (s
1173 3639 1298 3710 eschen,

186 3729 281 3799 1880).

215 3820 252 3889 (a)
273 3820 343 3872 Art.
362 3835 394 3891 p.
416 3819 481 3874 268.

213 3905 257 3978 (3)
277 3905 342 3961 Sat.
359 3926 378 3978 1,
395 3925 424 3976 4,
444 3906 478 3979 39
495 3924 578 3979 seqq.

215 3997 255 4066 (4)
277 3995 386 4052 Carm.
405 4013 446 4059 ιιι,
465 3996 511 4064 25,
528 4015 559 4068 7.

215 4085 253 4156 (5)
274 4085 380 4141 Carm.
397 4103 440 4155 ur,
457 4083 503 4154 30,
524 4102 565 4139 ιο.
