2954 5084
659 476 840 544 -62—

189 614 366 706 originem
387 615 515 685 debere
537 633 688 701 constet,
712 634 831 685 tamen
859 616 948 708 quid
966 618 1009 685 de
1026 615 1209 707 Neptunia
1225 614 1316 684 duce

190 731 338 799 sentiret
370 754 442 800 non
474 732 624 801 omnino
650 733 772 802 tacuite
800 761 817 796 <r
846 734 881 801 Is
904 750 996 818 tum,
1019 749 1058 800 ut
1074 733 1123 802 ait
1137 733 1313 818 Velleius,

189 865 361 938 occupata
377 848 511 933 Sicilia,
529 849 672 919 servitia
687 849 930 940 fugitivosque
947 849 983 918 in
1000 870 1193 917 numerum
1213 869 1314 916 exer-

189 963 281 1032 citus
294 964 348 1032 sui
365 965 554 1055 recipiens,
570 987 743 1056 magnum
760 966 910 1034 modum
927 964 1111 1055 legionum
1123 965 1287 1034 effecerat
1301 987 1311 1049 3

189 1102 323 1169 perque
347 1082 493 1149 Menam
517 1099 551 1150 et
572 1083 827 1164 Menecratem,
849 1098 1018 1171 paternos
1036 1080 1196 1165 libertos,
1214 1101 1313 1170 prae-

189 1195 299 1265 lectos
326 1196 508 1282 classium,
543 1197 740 1266 latrociniis
758 1219 798 1266 ac
824 1195 1108 1288 praedationibus
1142 1195 1312 1265 infestato

188 1312 293 1397 mari,
311 1313 354 1380 ad
371 1336 407 1381 se
428 1313 695 1403 exercitumque
708 1314 886 1399 *tuendum
900 1330 1002 1403 rapto
1028 1313 1207 1395 utebatur,
1224 1334 1310 1380 curn

188 1450 270 1497 eum
289 1451 361 1496 non
381 1431 577 1520 depuderet
601 1429 820 1498 vindicatum
852 1429 961 1498 armis
990 1450 1030 1496 ac
1059 1430 1168 1497 ductu
1195 1427 1311 1519 patris
1381 1506 1383 1509 ,

187 1544 242 1611 sui
260 1566 358 1613 mare
375 1544 542 1614 infestare
569 1545 727 1635 piraticis
749 1545 942 1613 sceleribus
960 1571 977 1607 >r
993 1545 1050 1632 (1).
1091 1542 1211 1632 Quam
1233 1542 1311 1611 bel·

188 1660 283 1759 landi
309 1660 483 1729 rationem
512 1685 531 1729 a
565 1660 640 1729 cive
668 1678 920 1746 romanoram
948 1660 1201 1728 abhorrentem
1222 1681 1310 1728 cum

189 1775 376 1862 Horatius,
403 1794 442 1846 ut
467 1799 530 1868 par
557 1793 643 1862 erat,
671 1776 923 1868 indignissime
952 1775 1107 1859 tulisset,
1123 1775 1310 1844 devictum

186 1915 371 1962 servorum
387 1895 516 1962 ducem
532 1894 681 1984 quaesita
695 1893 1112 1985 acerbitate-prosecutus
1123 1909 1176 1962 est
1194 1913 1202 1962 ε

398 2039 440 2094 Ut
454 2055 561 2111 nuper,
578 2051 662 2094 actus
676 2056 746 2095 cum
762 2037 838 2093 freto
855 2036 1026 2111 Neptunius

471 2137 538 2192 Dux
552 2135 639 2209 fugit,
656 2135 732 2192 ustis
748 2135 887 2202 navibus,

400 2233 533 2290 Minatus
551 2233 627 2291 Urbi
642 2233 752 2302 vincla,
769 2250 838 2307 quae
854 2233 1023 2290 detraxerat

469 2332 569 2389 Servis
586 2332 701 2388 amicus
717 2330 842 2406 perfidis
860 2333 908 2403 la).

182 2490 326 2580 Quibus
353 2491 517 2560 versibus
547 2493 689 2560 videtur
716 2491 807 2560 mihi
838 2508 940 2582 poeta
964 2489 1049 2558 satis
1078 2491 1307 2559 luculentum
1370 2545 1375 2552 .

183 2609 238 2676 sui
262 2609 299 2677 in
317 2609 469 2700 patriam
489 2608 623 2676 amoris
640 2610 899 2677 documentum
917 2607 1078 2703 dedisse3
1097 2628 1180 2675 cum
1203 2607 1306 2675 enim

183 2727 283 2795 Bruti
310 2725 485 2816 partibus,
509 2724 584 2793 suis
605 2725 705 2810 olim,
723 2746 864 2814 semper
887 2740 1058 2813 parceret,
1082 2722 1217 2792 nedum
1233 2744 1305 2791 un·

182 2864 290 2931 quam
302 2843 504 2927 insultaret,
514 2841 589 2909 sola
599 2840 869 2930 reiindignitas,
882 2840 1002 2908 habita
1013 2839 1137 2930 patriae
1149 2838 1304 2924 ratione,

179 2980 261 3028 eum
276 2958 453 3026 adducere
477 2956 596 3047 potuit
610 2975 649 3026 ut
665 2975 764 3026 tanto
783 2955 928 3024 invidiae
946 2954 1111 3024 acumine
1135 2954 1171 3022 in
1188 2955 1307 3023 Pom-

179 3073 316 3164 peium,
334 3074 487 3142 alterum
515 3073 649 3142 scilicet
675 3071 928 3141 Brutianarum
952 3072 1110 3161 partium
1136 3069 1304 3140 defenso·

179 3211 267 3274 rem,
286 3189 514 3258 inveheretur
531 3190 587 3277 (3).

212 3404 253 3476 (1)
268 3404 420 3473 Vane.,11,
436 3402 491 3476 733
507 3403 545 3458 cf.
563 3404 599 3461 D.
617 3402 712 3469 Cass,
729 3420 830 3466 xevrtn
852 3421 893 3476 ¹9·

214 3495 255 3563 (2)
268 3492 368 3566 epod.
383 3510 410 3566 9,
431 3511 463 3565 73
477 3524 510 3532 -
526 3491 568 3550 cf·
586 3492 687 3566 Epod.
706 3509 734 3562 4,
757 3509 800 3565 19·
1318 3557 1322 3563 .

212 3581 250 3652 (3)
266 3581 424 3637 Saeviente
442 3583 575 3652 (Horace
584 3592 612 3637 et
628 3581 740 3655 l'Emp.
758 3582 901 3656 Auguste,
915 3579 1009 3645 Paris,
1029 3580 1122 3650 1823),
1138 3577 1218 3634 ultra
1232 3594 1303 3634 mo·

176 3669 248 3724 dum
264 3686 386 3726 severus
401 3669 441 3725 inv
451 3669 612 3726 Horatium
629 3668 758 3742 videtur,
773 3687 841 3726 cum
853 3681 919 3725 toto
930 3685 1033 3741 opere,
1046 3681 1112 3724 tum
1128 3666 1302 3742 praesertim

177 3757 260 3829 quod
275 3756 313 3812 ad
329 3757 360 3812 id
374 3775 496 3815 carmen
517 3758 644 3830 attinet;
662 3758 734 3815 dicit
748 3757 827 3814 enim
843 3776 871 3830 p.
887 3775 936 3828 40,
953 3768 1086 3830 poetam,
1106 3769 1139 3812 ut
1158 3756 1301 3828 Augusto

175 3858 293 3920 gratum
316 3845 436 3918 laceret,
452 3847 586 3903 voluisse
602 3847 747 3903 invidiam
776 3847 807 3903 in
827 3864 879 3903 eos
905 3845 1038 3903 conflare
1063 3844 1115 3919 qui
1130 3843 1300 3901 etiamtum

176 3937 207 3993 S.
226 3935 365 4009 Pompeii
380 3936 558 3992 memoriam
578 3935 709 3992 fideliter
723 3937 868 3993 colerent.
889 3935 1032 3993 Pessimae
1052 3935 1140 3992 istius
1160 3946 1299 3990 assenta-

174 4024 268 4082 tionis
283 4024 397 4081 crimen
413 4025 526 4082 nemini
542 4024 725 4082 inurendum
741 4037 797 4097 est,
813 4042 880 4081 curn
898 4024 971 4081 solis
987 4023 1204 4080 hariolantium
1220 4039 1299 4079 con·

174 4112 298 4189 jecturis
314 4113 429 4173 nititur.
