2970 5280
651 569 690 579 -
717 512 760 598 2'5
784 569 828 579 -

182 672 240 762 pla
253 672 415 756 exstruit,
432 693 471 739 ea
485 672 716 762 potissimum
732 671 802 740 diis
813 672 949 762 graecis,
966 673 1106 741 Veneri
1117 671 1301 742 Genetrici

182 805 216 857 et
237 788 397 877 Apollini
423 787 588 857 Palatino
604 788 755 857 dedicat.
775 789 949 857 Horatius
967 788 1077 879 igitur-
1093 790 1302 859 Romanum

182 905 322 995 agebat,
339 906 394 973 vel
413 927 496 974 cum
522 928 541 972 a
566 906 690 996 graecis
708 905 824 995 poetis
847 905 1020 996 imagines
1045 905 1124 974 illas
1145 924 1303 977 sumeret

182 1021 317 1110 quibus
336 1020 422 1089 deos
436 1021 596 1089 romanis
614 1020 830 1111 caerimoniis
849 1024 964 1091 cultos
980 1021 1222 1092 adumbraret.
1297 1065 1299 1070 ·

229 1138 381 1206 Plurimi
404 1137 452 1206 dii
472 1139 567 1228 apud
591 1136 786 1206 Horatium
800 1140 887 1206 tales
903 1160 1051 1229 prorsus
1067 1123 1304 1209 inveniuntur

182 1255 308 1344 quales
334 1255 519 1345 ingeniosa
537 1254 580 1322 ad
599 1254 950 1323 comminiscendum
973 1253 1110 1324 Graecia
1131 1254 1302 1324 informa-

184 1387 294 1439 verat.
311 1369 464 1460 Jupiter,
483 1392 690 1461 quanquam
713 1395 733 1439 a
758 1371 886 1461 primis
905 1370 987 1438 inde
1007 1373 1134 1440 Rornae
1153 1371 1301 1440 incuna-

181 1486 276 1553 bulis
308 1485 345 1553 in
379 1486 559 1576 Capitolio
585 1486 714 1555 colitur
739 1487 802 1573 (ι),
836 1487 959 1577 graecis
990 1470 1299 1555 fabulis'ornatus

180 1601 298 1670 dicam
309 1624 354 1670 an
364 1601 557 1670 infamatus
573 1603 747 1693 procedit,
761 1625 901 1671 amores
917 1603 998 1671 illos
1012 1584 1197 1671 ostentans
1209 1626 1301 1693 quos

178 1716 248 1807 ipsi
272 1739 355 1786 cum
382 1719 519 1786 Latona
543 1719 608 1806 (a),
635 1721 754 1787 Danae
786 1721 845 1807 (3),
874 1720 1020 1808 Europe
1047 1720 1091 1807 (4)
1117 1719 1301 1810 etGany·

178 1836 282 1904 mede
303 1837 348 1925 (5)
373 1835 488 1905 Graeci
519 1837 709 1905 finxerunt.
734 1836 909 1918 Minerva,
931 1835 1184 1926 intellegentia
1213 1818 1301 1905 olirn

179 1951 254 2030 dea,
275 1968 314 2019 ut
337 1969 488 2020 testatur
506 1974 639 2020 nomen
656 1975 675 2020 a
692 1952 817 2021 mentis
840 1953 957 2021 radice
976 1953 1142 2037 ductum,
1161 1952 1196 2020 in
1216 1951 1299 2022 Ser-

179 2068 351 2136 monibus
378 2069 621 2158 antiquiorem
650 2086 815 2139 naturam
844 2069 997 2138 servavit
1022 2069 1088 2156 (6),
1114 2070 1149 2136 in
1182 2069 1301 2158 lyricis

183 2206 268 2253 vero
291 2184 511 2253 carminibus
538 2185 627 2253 adeo
657 2207 739 2254 cum
766 2188 884 2253 Attica
909 2185 1053 2254 Pallade
1079 2184 1238 2268 cohaesit,
1261 2202 1301 2252 ut

184 2299 275 2367 nihil
303 2301 372 2368 nisi
396 2300 565 2368 bellicum
588 2322 661 2390 prae
683 2325 719 2369 se
741 2302 828 2369 ferat
855 2303 915 2391 (7).
944 2301 1045 2390 Quid
1069 2301 1112 2368 de
1133 2300 1301 2390 Apolline

183 2416 316 2501 dicam,
337 2425 444 2506 quem
470 2433 608 2486 constat
631 2416 769 2487 Graecia
785 2416 997 2500 oriundum,
1012 2416 1134 2484 sedem
1153 2438 1300 2484 vacuam

183 2533 310 2601 Romae
334 2534 551 2622 occupasse?
572 2533 617 2622 (8)
644 2533 745 2602 Nihil
771 2533 905 2601 mirum
927 2533 955 2600 si
983 2533 1018 2600 in
1040 2555 1082 2600 eo
1101 2531 1301 2623 effingendo

182 2665 280 2717 totus
303 2671 323 2715 a
346 2647 480 2718 Graecis
506 2649 659 2735 pendeat
677 2650 863 2718 Horatius.
882 2649 1084 2742 Mercurius
1101 2648 1189 2716 olim
1211 2655 1301 2738 prae'·

182 2763 285 2856 cipue
303 2765 550 2834 mercimoniis
570 2765 763 2857 praesidere
780 2764 1001 2850 credebatur,
1020 2764 1136 2854 qualis
1158 2763 1299 2833 etiama
1332 2841 1334 2844 ,

182 2882 313 2950 Plauto
343 2881 378 2949 in
409 2903 563 2950 scaenam
591 2881 760 2951 inductus
789 2899 842 2949 est
872 2883 944 2971 (9);
974 2881 1077 2971 apud'
1105 2879 1301 2949 Horatium

213 3157 254 3228 (ι)
274 3157 382 3212 Carm.
395 3175 438 3226 ιιι,
456 3158 483 3223 5,
509 3176 561 3227 123
581 3175 621 3222 tv,
640 3157 958 3228 15,6;cf.T.1.1v.1,
978 3159 1026 3214 38.

217 3251 260 3313 (2)
282 3247 388 3302 Carm.
404 3265 425 3315 1,
442 3264 490 3316 ιι,
508 3246 534 3301 3.

216 3335 254 3406 (3)
275 3335 381 3390 Carm.
398 3351 440 3402 ιιι,
461 3335 504 3390 ι6.

217 3425 255 3496 (4)
276 3424 382 3480 Carm·
398 3441 440 3495 ιιι,
460 3442 506 3496 27·

219 3513 258 3583 (5)
279 3512 384 3570 Carm.
405 3530 445 3581 ιν,
461 3532 490 3584 4,
506 3533 534 3583 4.

204 3602 255 3671 ·(6)
276 3602 341 3658 Sat.
358 3620 389 3671 rr,
408 3620 434 3670 2,
453 3603 468 3658 3
485 3619 491 3657 :
512 3601 704 3658 «Abnormis
719 3601 839 3675 sapiens
855 3619 1017 3677 crassaque
1032 3597 1179 3660 Minerva.
1197 3623 1209 3656 t

180 3721 214 3730 -
239 3691 308 3747 Art.
335 3709 366 3764 p.
393 3690 446 3747 385
473 3708 480 3745 τ
510 3711 522 3742 ι
539 3692 586 3746 Tu
607 3689 682 3746 nihil
703 3690 796 3746 invita
811 3690 893 3746 dices
913 3692 1041 3749 faciesve
1061 3691 1211 3761 Minerva.
1231 3712 1246 3743 ι

217 3780 256 3852 (7)
277 3779 383 3836 Carm.
400 3799 419 3848 ι,
437 3779 469 3857 6,
487 3780 516 3835 ι5
532 3798 583 3852 37,
601 3780 636 3847 53
661 3780 704 3847 15,
726 3797 754 3834 ιι
770 3798 777 3848 ;
794 3797 835 3850 ιιι,
856 3797 885 3850 4,
909 3781 956 3854 57.

216 3868 253 3939 (8)
275 3867 321 3925 Cf.
337 3870 373 3923 T.
392 3870 455 3924 Lrv.
473 3888 492 3936 1,
513 3869 557 3940 56,
579 3867 631 3924 ubi
645 3882 786 3925 narratur
801 3869 882 3925 filios
898 3870 1057 3942 Tarquinii
1071 3872 1145 3942 Sup.
1164 3868 1299 3942 Delphos

182 3956 219 4011 ad
232 3956 382 4028 Apollinis
398 3956 556 4013 oraculum
573 3957 794 4014 consulendum
810 3957 940 4030 petisse3
955 3991 989 4001 -
1014 3978 1082 4028 xxv,
1101 3977 1144 4029 ra,
1158 3958 1211 4015 ubi
1226 3975 1300 4014 nar-

181 4056 264 4100 ratur
281 4046 396 4114 Romae,
412 4062 492 4102 anno
509 4047 546 4104 U.
565 4047 599 4102 C.
618 4047 682 4116 542,
699 4045 854 4102 institutos
870 4047 959 4104 ludos
973 4048 1175 4121 Apollinares.

218 4135 257 4209 (9)
274 4133 426 4208 Amphitr.
443 4134 567 4215 Prolog.
593 4153 601 4189 1
622 4152 707 4211 seqq.
721 4166 753 4176 -
771 4134 816 4193 Cf.
835 4136 929 4205 Horu,
944 4137 1008 4193 Sat.
1025 4156 1057 4209 ιι,
1074 4138 1100 4207 3,
1119 4139 1164 4206 ι5,
1178 4135 1226 4196 68.
