2970 5280
623 505 824 553 -102-

174 629 280 698 silvas
294 651 419 698 verum
436 626 645 720 quaesivisse
659 629 722 716 (1)3
736 649 800 695 nec
816 627 925 696 semel
936 626 1105 697 virtutem
1121 627 1158 696 in
1175 626 1304 697 medio

175 745 315 836 reponit
331 748 391 832 (a),
408 768 449 813 ex
465 744 652 813 notissima
671 743 847 813 sententia
861 766 971 834 quam
988 743 1072 813 novi
1088 743 1302 815 Academici

174 885 193 930 a
223 861 468 952 Peripateticis
495 879 736 952 sumpserant.
766 860 1003 929 Academicus
1028 861 1075 930 sit
1106 861 1301 946 Horatius,

176 979 237 1046 sed
263 978 365 1066 cujus
388 976 617 1048 Academiae?
643 979 738 1046 Nam
766 977 962 1046 Academia
990 977 1138 1048 volatica
1162 996 1232 1062 est,
1263 996 1304 1047 ut

177 1094 363 1166 Ciceronis
380 1094 531 1162 verbum
549 1115 779 1184 usurpemus,
805 1115 933 1184 parum
948 1093 1002 1162 sui
1024 1094 1165 1178 similis,
1186 1095 1304 1163 modo

173 1211 260 1295 huc,
281 1211 389 1279 modo
407 1210 491 1280 illuc
509 1210 577 1299 (3)!
611 1211 744 1281 Utrum
762 1209 933 1278 Arcesilai
955 1229 988 1279 et
1006 1209 1218 1296 Carneadis,
1235 1210 1304 1302 qui

162 1343 303 1426 ¹cuncta
324 1326 360 1395 in
381 1326 533 1395 dubium
551 1326 749 1396 vocabant?
775 1326 880 1397 Certe
908 1327 999 1396 nolit
1022 1328 1211 1410 Horatius,
1237 1328 1304 1418 qui

178 1466 304 1514 verum
320 1442 472 1512 inveniri
490 1465 595 1534 posse
610 1464 796 1533 nunquam
813 1442 952 1512 diffisus
964 1462 1028 1513 est.
1043 1448 1098 1513 An
1116 1444 1304 1530 Philonis,

179 1559 240 1653 qui
267 1561 310 1628 ad
333 1578 489 1628 veterem
512 1557 745 1628 Academiam
774 1581 952 1643 reversus,
979 1582 1058 1628 eam
1089 1560 1307 1651 pugnaciter

179 1677 351 1745 adversus
369 1674 458 1745 alios
477 1675 644 1743 tuebatur
660 1675 728 1765 (4)?
743 1674 826 1747 vSed
848 1699 888 1744 ex
908 1675 952 1744 iis
972 1699 1053 1767 quae
1073 1668 1187 1768 ‘supra
1205 1677 1308 1747 dicta

180 1809 265 1861 sunt
280 1810 427 1884 apparet
451 1792 525 1860 fieri
543 1814 611 1859 non
630 1814 735 1881 posse
751 1809 790 1859 ut
810 1791 847 1860 in
866 1792 1019 1860 Horatio
1038 1793 1307 1885 philosophum

181 1932 261 1978 vere
277 1908 497 2000 platonicum
515 1929 763 1998 agnoscamus.
779 1911 834 1975 An
851 1909 996 1977 tandem
1011 1908 1196 1994 Antiochi,
1216 1911 1309 1979 Phi·

181 2025 274 2093 lonis
292 2024 473 2116 discipuli,
497 2024 559 2113 qui
585 2023 791 2095 Stoicorum
807 2041 840 2093 et
859 2025 1145 2117 Periparicorum
1158 2027 1310 2118 ‘placita

181 2143 372 2211 miscuerat
388 2163 471 2210 cum
488 2140 737 2209 Academicis?
761 2140 884 2210 Minus
909 2142 1062 2211 absurde
1079 2142 1224 2212 iaciunt
1240 2145 1310 2234 qui

182 2257 217 2326 in
232 2257 441 2346 hujusmodi
453 2257 686 2326 Academiam
700 2257 896 2326 Horatium
907 2257 1079 2343 referunt,
1090 2281 1311 2350 quanquam

182 2374 329 2464 indigna
356 2397 398 2442 eo
425 2373 570 2442 nomine
598 2374 762 2442 habenda
788 2392 840 2443 est
863 2374 1041 2443 Antiochi.
1056 2374 1309 2467 philosophia,

181 2512 275 2580 quae,
288 2513 329 2557 ex
342 2489 504 2579 partibus
519 2489 680 2581 undique
692 2488 829 2558 collatis
846 2494 984 2580 magno‘
994 2491 1114 2559 labore
1131 2492 1308 2578 conflata,

180 2606 238 2676 vix
253 2606 553 2676 Academicorum
570 2605 764 2696 quicquam
790 2607 930 2675 retinet.
960 2607 1055 2678 Cum
1080 2607 1190 2698 igitur
1215 2631 1310 2698 prae·

181 2740 323 2814 postero
338 2723 476 2792 nomini
490 2722 587 2798 aliud
605 2721 857 2791 sufficiendum
876 2723 934 2807 sit,
955 2724 1153 2814 sapientius
1173 2744 1307 2816 agunt,

181 2858 219 2909 ut
247 2863 287 2908 ex
316 2839 478 2908 dicendis
506 2839 652 2931 patebit,
690 2839 751 2928 qui
784 2840 980 2908 Horatium
1012 2847 1178 2911 ἑκλεκτικόν
1209 2865 1310 2912 nun-

173 2974 326 3049 cupant.

226 3072 273 3142 11.
298 3074 389 3141 Ecce
409 3088 528 3140 autern
544 3071 613 3140 alia
633 3071 818 3140 suboritur
833 3072 997 3162 quaestio,
1021 3095 1130 3162 quam
1150 3075 1195 3143 ad
1214 3098 1310 3167 prae·

180 3204 318 3259 sentem
333 3189 617 3279 disputationem
644 3188 740 3256 haud
769 3209 898 3278 parum
915 3190 1093 3280 pertinere
1111 3189 1308 3264 fatendum

180 3324 233 3375 est
255 3326 261 3374 :
280 3306 309 3373 si
328 3306 522 3374 Horatium
535 3321 673 3373 constat
691 3305 735 3373 ab
751 3305 891 3396 optimo
908 3328 1053 3397 quoque
1066 3306 1307 3402 philosopho-

180 3445 261 3492 rum
277 3421 425 3491 eximias
441 3438 647 3490 mutuatum
663 3443 740 3489 esse
756 3421 965 3508 sententias,
987 3445 1075 3491 num
1089 3425 1199 3494 statui
1219 3450 1308 3518 pro-

181 3538 345 3608 babiliter
361 3553 477 3629 potest
493 3560 577 3607 eum
594 3536 730 3606 variam
751 3559 815 3628 pro
831 3538 930 3607 vario
954 3555 1117 3631 ternpore
1143 3543 1307 3616 coluisse

181 3654 407 3746 sapientiam,
422 3671 459 3721 ut
475 3653 518 3721 ab
535 3652 693 3744 Epicuro
705 3653 885 3744 profectus
906 3653 1041 3724 sensim
1058 3655 1102 3724 ad
1118 3655 1313 3732 Zenonem

217 3878 256 3948 (1)
277 3875 380 3946 Epist.
399 3890 430 3945 rr,
448 3892 473 3944 r,
488 3873 534 3944 45.

217 3968 256 4038 (2)
274 3967 341 4023 Sat.
363 3983 382 4031 r,
403 3982 426 4029 1,
449 3966 509 4021 106.
527 3997 560 4006 -
578 3966 677 4040 Epist.
693 3984 712 4031 r,
734 3966 776 4030 18,
794 3985 820 4039 9.

217 4056 260 4126 (3)
281 4055 346 4111 Crc.
363 4053 403 4110 ad
415 4055 475 4112 Art.
492 4071 554 4125 xur,
569 4055 619 4112 25.

217 4146 255 4217 (4)
278 4144 355 4208 Cre„
371 4141 511 4199 Academ.
529 4161 548 4208 r,
564 4162 593 4214 4,
611 4155 640 4201 et
656 4142 782 4217 passim.
