<?xml version="1.0" encoding="UTF-8"?>
<!DOCTYPE html PUBLIC "-//W3C//DTD XHTML 1.0 Transitional//EN"
    "http://www.w3.org/TR/xhtml1/DTD/xhtml1-transitional.dtd">
<html xmlns="http://www.w3.org/1999/xhtml" xml:lang="en" lang="en">
 <head>
  <title>
</title>
<meta http-equiv="Content-Type" content="text/html;charset=utf-8" />
  <meta name='ocr-system' content='tesseract 3.04.00' />
  <meta name='ocr-capabilities' content='ocr_page ocr_carea ocr_par ocr_line ocrx_word'/>
</head>
<body>
  <div class='ocr_page' id='page_1' title='image "./quidvereromanum00devagoog_0138.png"; bbox 0 0 2970 5280; ppageno 0'>
   <div class='ocr_carea' id='block_1_1' title="bbox 599 516 802 584">
    <p class='ocr_par' dir='ltr' id='par_1_1' title="bbox 599 516 802 584">
     <span class='ocr_line' id='line_1_1' title="bbox 599 516 802 584; baseline 0.005 -40"><span class='ocrx_word' id='word_1_1' title='bbox 599 516 802 584; x_wconf 58' lang='lat'><em>„129-</em></span> 
     </span>
    </p>
   </div>
   <div class='ocr_carea' id='block_1_2' title="bbox 99 635 1262 1301">
    <p class='ocr_par' dir='ltr' id='par_1_2' title="bbox 99 635 1262 1075">
     <span class='ocr_line' id='line_1_2' title="bbox 140 635 1262 729; baseline 0.003 -26"><span class='ocrx_word' id='word_1_2' title='bbox 140 635 294 726; x_wconf 86' lang='lat' dir='ltr'><strong>publicae</strong></span> <span class='ocrx_word' id='word_1_3' title='bbox 320 658 429 725; x_wconf 89' lang='lat' dir='ltr'><strong>quam</strong></span> <span class='ocrx_word' id='word_1_4' title='bbox 460 636 640 704; x_wconf 88' lang='lat' dir='ltr'><strong>nascentis</strong></span> <span class='ocrx_word' id='word_1_5' title='bbox 663 636 805 728; x_wconf 89' lang='lat' dir='ltr'><strong>imperii</strong></span> <span class='ocrx_word' id='word_1_6' title='bbox 831 637 1027 729; x_wconf 85' lang='lat' dir='ltr'><strong>imaginem</strong></span> <span class='ocrx_word' id='word_1_7' title='bbox 1047 638 1157 724; x_wconf 86' lang='lat' dir='ltr'><strong>cerni,</strong></span> <span class='ocrx_word' id='word_1_8' title='bbox 1181 638 1262 706; x_wconf 91' lang='lat' dir='ltr'><strong>illo-</strong></span> 
     </span>
     <span class='ocr_line' id='line_1_3' title="bbox 140 753 1260 843; baseline 0.002 -23"><span class='ocrx_word' id='word_1_9' title='bbox 140 772 295 842; x_wconf 85' lang='lat' dir='ltr'>rumque</span> <span class='ocrx_word' id='word_1_10' title='bbox 315 770 522 843; x_wconf 91' lang='lat' dir='ltr'><strong>temporum</strong></span> <span class='ocrx_word' id='word_1_11' title='bbox 549 753 707 821; x_wconf 84' lang='lat' dir='ltr'><strong>animam</strong></span> <span class='ocrx_word' id='word_1_12' title='bbox 740 754 787 823; x_wconf 93' lang='lat' dir='ltr'><strong>ibi</strong></span> <span class='ocrx_word' id='word_1_13' title='bbox 826 755 983 843; x_wconf 89' lang='lat' dir='ltr'><strong>quodam</strong></span> <span class='ocrx_word' id='word_1_14' title='bbox 1017 753 1260 822; x_wconf 69' lang='lat' dir='ltr'><strong>modo&#39;vivere</strong></span> 
     </span>
     <span class='ocr_line' id='line_1_4' title="bbox 99 869 1260 959; baseline 0.005 -28"><span class='ocrx_word' id='word_1_15' title='bbox 99 925 102 929; x_wconf 88' lang='lat'><strong>.</strong></span> <span class='ocrx_word' id='word_1_16' title='bbox 137 886 174 936; x_wconf 76' lang='lat' dir='ltr'><strong>et</strong></span> <span class='ocrx_word' id='word_1_17' title='bbox 195 869 344 957; x_wconf 86' lang='lat' dir='ltr'><strong>spirare,</strong></span> <span class='ocrx_word' id='word_1_18' title='bbox 367 891 438 935; x_wconf 96' lang='lat' dir='ltr'><strong>non</strong></span> <span class='ocrx_word' id='word_1_19' title='bbox 455 869 527 955; x_wconf 79' lang='lat' dir='ltr'><strong>jam</strong></span> <span class='ocrx_word' id='word_1_20' title='bbox 546 869 722 937; x_wconf 83' lang='lat' dir='ltr'><strong>miramur</strong></span> <span class='ocrx_word' id='word_1_21' title='bbox 748 871 845 959; x_wconf 90' lang='lat' dir='ltr'><strong>quod</strong></span> <span class='ocrx_word' id='word_1_22' title='bbox 879 869 1053 937; x_wconf 87' lang='lat' dir='ltr'>Horatius</span> <span class='ocrx_word' id='word_1_23' title='bbox 1082 887 1260 938; x_wconf 87' lang='lat' dir='ltr'><strong>monstra-</strong></span> 
     </span>
     <span class='ocr_line' id='line_1_5' title="bbox 140 984 1137 1075; baseline 0.003 -25"><span class='ocrx_word' id='word_1_24' title='bbox 140 1001 238 1052; x_wconf 87' lang='lat' dir='ltr'><strong>retur</strong></span> <span class='ocrx_word' id='word_1_25' title='bbox 263 984 376 1074; x_wconf 84' lang='lat' dir='ltr'>digito</span> <span class='ocrx_word' id='word_1_26' title='bbox 391 985 686 1075; x_wconf 74' lang='lat' dir='ltr'><strong>praetereuntium</strong></span> <span class='ocrx_word' id='word_1_27' title='bbox 705 987 878 1054; x_wconf 83' lang='lat' dir='ltr'><strong>Romanae</strong></span> <span class='ocrx_word' id='word_1_28' title='bbox 893 985 1022 1054; x_wconf 87' lang='lat' dir='ltr'>fidicen</span> <span class='ocrx_word' id='word_1_29' title='bbox 1040 986 1137 1075; x_wconf 90' lang='lat' dir='ltr'><strong>lyrae.</strong></span> 
     </span>
    </p>

    <p class='ocr_par' dir='ltr' id='par_1_3' title="bbox 137 1101 1261 1301">
     <span class='ocr_line' id='line_1_6' title="bbox 186 1101 1261 1192; baseline 0 -24"><span class='ocrx_word' id='word_1_30' title='bbox 186 1101 403 1190; x_wconf 91' lang='lat' dir='ltr'><strong>Popularem</strong></span> <span class='ocrx_word' id='word_1_31' title='bbox 425 1102 523 1168; x_wconf 91' lang='lat' dir='ltr'><strong>illam</strong></span> <span class='ocrx_word' id='word_1_32' title='bbox 548 1101 646 1191; x_wconf 92' lang='lat' dir='ltr'><strong>lyrici</strong></span> <span class='ocrx_word' id='word_1_33' title='bbox 667 1101 758 1170; x_wconf 91' lang='lat' dir='ltr'><strong>vatis</strong></span> <span class='ocrx_word' id='word_1_34' title='bbox 783 1102 935 1192; x_wconf 85' lang='lat' dir='ltr'>gloriam</span> <span class='ocrx_word' id='word_1_35' title='bbox 959 1101 1048 1170; x_wconf 87' lang='lat' dir='ltr'><strong>bene</strong></span> <span class='ocrx_word' id='word_1_36' title='bbox 1082 1103 1261 1191; x_wconf 83' lang='lat' dir='ltr'><strong>perspexit</strong></span> 
     </span>
     <span class='ocr_line' id='line_1_7' title="bbox 137 1211 544 1301; baseline 0 -16"><span class='ocrx_word' id='word_1_37' title='bbox 137 1211 308 1301; x_wconf 90' lang='lat' dir='ltr'><strong>Ovidius,</strong></span> <span class='ocrx_word' id='word_1_38' title='bbox 327 1239 408 1285; x_wconf 92' lang='lat' dir='ltr'><strong>cum</strong></span> <span class='ocrx_word' id='word_1_39' title='bbox 427 1217 517 1286; x_wconf 88' lang='lat' dir='ltr'><strong>dixit</strong></span> <span class='ocrx_word' id='word_1_40' title='bbox 537 1238 544 1285; x_wconf 93' lang='lat'>:</span> 
     </span>
    </p>
   </div>
   <div class='ocr_carea' id='block_1_3' title="bbox 319 1384 1080 1556">
    <p class='ocr_par' dir='ltr' id='par_1_4' title="bbox 319 1384 1080 1556">
     <span class='ocr_line' id='line_1_8' title="bbox 319 1384 1080 1453; baseline 0 -13"><span class='ocrx_word' id='word_1_41' title='bbox 319 1387 357 1440; x_wconf 89' lang='lat' dir='ltr'><strong>Et</strong></span> <span class='ocrx_word' id='word_1_42' title='bbox 370 1385 468 1441; x_wconf 88' lang='lat' dir='ltr'><strong>tenuit</strong></span> <span class='ocrx_word' id='word_1_43' title='bbox 479 1397 600 1441; x_wconf 90' lang='lat' dir='ltr'><strong>nostras</strong></span> <span class='ocrx_word' id='word_1_44' title='bbox 618 1402 801 1440; x_wconf 85' lang='lat' dir='ltr'><strong>numerosus</strong></span> <span class='ocrx_word' id='word_1_45' title='bbox 820 1384 966 1440; x_wconf 89' lang='lat' dir='ltr'><strong>Horatius</strong></span> <span class='ocrx_word' id='word_1_46' title='bbox 981 1402 1080 1453; x_wconf 89' lang='lat' dir='ltr'><strong>aures,</strong></span> 
     </span>
     <span class='ocr_line' id='line_1_9' title="bbox 355 1481 1052 1556; baseline 0 -18"><span class='ocrx_word' id='word_1_47' title='bbox 355 1484 433 1538; x_wconf 92' lang='lat' dir='ltr'><strong>Dum</strong></span> <span class='ocrx_word' id='word_1_48' title='bbox 447 1482 515 1539; x_wconf 84' lang='lat' dir='ltr'><strong>ferit</strong></span> <span class='ocrx_word' id='word_1_49' title='bbox 533 1483 669 1539; x_wconf 84' lang='lat' dir='ltr'><strong>Ausonia</strong></span> <span class='ocrx_word' id='word_1_50' title='bbox 681 1481 815 1538; x_wconf 89' lang='lat' dir='ltr'><strong>carmina</strong></span> <span class='ocrx_word' id='word_1_51' title='bbox 830 1483 910 1539; x_wconf 89' lang='lat' dir='ltr'><strong>culta</strong></span> <span class='ocrx_word' id='word_1_52' title='bbox 924 1483 988 1556; x_wconf 86' lang='lat' dir='ltr'><strong>lyra</strong></span> <span class='ocrx_word' id='word_1_53' title='bbox 1004 1484 1052 1554; x_wconf 86' lang='lat'><em>(1).</em></span> 
     </span>
    </p>
   </div>
   <div class='ocr_carea' id='block_1_4' title="bbox 139 1650 1260 2087">
    <p class='ocr_par' dir='ltr' id='par_1_5' title="bbox 139 1650 1260 2087">
     <span class='ocr_line' id='line_1_10' title="bbox 139 1650 1259 1745; baseline 0.003 -29"><span class='ocrx_word' id='word_1_54' title='bbox 139 1650 207 1719; x_wconf 86' lang='lat' dir='ltr'><strong>Vix</strong></span> <span class='ocrx_word' id='word_1_55' title='bbox 223 1652 348 1745; x_wconf 8' lang='lat' dir='ltr'><strong>etvivis</strong></span> <span class='ocrx_word' id='word_1_56' title='bbox 366 1653 530 1721; x_wconf 88' lang='lat' dir='ltr'><strong>sublatus</strong></span> <span class='ocrx_word' id='word_1_57' title='bbox 541 1671 615 1720; x_wconf 83' lang='lat' dir='ltr'><strong>erat</strong></span> <span class='ocrx_word' id='word_1_58' title='bbox 627 1653 814 1737; x_wconf 77' lang='lat' dir='ltr'><strong>Horatius,</strong></span> <span class='ocrx_word' id='word_1_59' title='bbox 830 1674 912 1720; x_wconf 91' lang='lat' dir='ltr'><strong>cum</strong></span> <span class='ocrx_word' id='word_1_60' title='bbox 930 1650 1259 1722; x_wconf 85' lang='lat' dir='ltr'><strong>Grammaticorum</strong></span> 
     </span>
     <span class='ocr_line' id='line_1_11' title="bbox 140 1767 1259 1856; baseline 0 -22"><span class='ocrx_word' id='word_1_61' title='bbox 140 1769 177 1834; x_wconf 93' lang='lat' dir='ltr'><strong>in</strong></span> <span class='ocrx_word' id='word_1_62' title='bbox 198 1768 331 1836; x_wconf 86' lang='lat' dir='ltr'><strong>scholis</strong></span> <span class='ocrx_word' id='word_1_63' title='bbox 352 1769 509 1851; x_wconf 87' lang='lat' dir='ltr'><strong>tractari,</strong></span> <span class='ocrx_word' id='word_1_64' title='bbox 532 1767 802 1837; x_wconf 88' lang='lat' dir='ltr'><strong>commentariis</strong></span> <span class='ocrx_word' id='word_1_65' title='bbox 826 1767 1046 1851; x_wconf 86' lang='lat' dir='ltr'><strong>illustrari,a</strong></span> <span class='ocrx_word' id='word_1_66' title='bbox 1076 1768 1259 1856; x_wconf 79' lang='lat' dir='ltr'><strong>iuventute</strong></span> 
     </span>
     <span class='ocr_line' id='line_1_12' title="bbox 139 1884 1260 1976; baseline 0 -25"><span class='ocrx_word' id='word_1_67' title='bbox 139 1885 290 1953; x_wconf 86' lang='lat' dir='ltr'><strong>lectitari</strong></span> <span class='ocrx_word' id='word_1_68' title='bbox 307 1903 446 1976; x_wconf 87' lang='lat' dir='ltr'><strong>coeptus</strong></span> <span class='ocrx_word' id='word_1_69' title='bbox 465 1903 535 1969; x_wconf 71' lang='lat' dir='ltr'><strong>est,</strong></span> <span class='ocrx_word' id='word_1_70' title='bbox 553 1903 702 1953; x_wconf 88' lang='lat' dir='ltr'><strong>testatur</strong></span> <span class='ocrx_word' id='word_1_71' title='bbox 716 1884 901 1954; x_wconf 82' lang='lat' dir='ltr'><strong>luvenalis</strong></span> <span class='ocrx_word' id='word_1_72' title='bbox 920 1885 1008 1953; x_wconf 86' lang='lat' dir='ltr'><strong>adeo</strong></span> <span class='ocrx_word' id='word_1_73' title='bbox 1028 1885 1103 1952; x_wconf 91' lang='lat' dir='ltr'><strong>suis</strong></span> <span class='ocrx_word' id='word_1_74' title='bbox 1120 1902 1260 1974; x_wconf 89' lang='lat' dir='ltr'><strong>tempo·</strong></span> 
     </span>
     <span class='ocr_line' id='line_1_13' title="bbox 139 2000 1161 2087; baseline 0 -19"><span class='ocrx_word' id='word_1_75' title='bbox 139 2001 241 2068; x_wconf 85' lang='lat' dir='ltr'><strong>ribus</strong></span> <span class='ocrx_word' id='word_1_76' title='bbox 258 2002 361 2070; x_wconf 93' lang='lat' dir='ltr'><strong>illum</strong></span> <span class='ocrx_word' id='word_1_77' title='bbox 376 2000 675 2069; x_wconf 85' lang='lat' dir='ltr'><strong>scholasticorum</strong></span> <span class='ocrx_word' id='word_1_78' title='bbox 692 2000 861 2069; x_wconf 85' lang='lat' dir='ltr'><strong>manibus</strong></span> <span class='ocrx_word' id='word_1_79' title='bbox 877 2000 1017 2085; x_wconf 86' lang='lat' dir='ltr'><strong>tritum,</strong></span> <span class='ocrx_word' id='word_1_80' title='bbox 1036 2018 1075 2068; x_wconf 93' lang='lat' dir='ltr'><strong>ut</strong></span> <span class='ocrx_word' id='word_1_81' title='bbox 1159 2084 1161 2087; x_wconf 15' lang='grc' dir='ltr'>Ι</span> 
     </span>
    </p>
   </div>
   <div class='ocr_carea' id='block_1_5' title="bbox 318 2170 1127 2332">
    <p class='ocr_par' dir='ltr' id='par_1_6' title="bbox 318 2170 1127 2332">
     <span class='ocr_line' id='line_1_14' title="bbox 729 2170 1127 2226; baseline -0.008 0"><span class='ocrx_word' id='word_1_82' title='bbox 729 2183 812 2226; x_wconf 88' lang='lat' dir='ltr'><strong>totus</strong></span> <span class='ocrx_word' id='word_1_83' title='bbox 826 2170 952 2226; x_wconf 87' lang='lat' dir='ltr'><strong>decolor</strong></span> <span class='ocrx_word' id='word_1_84' title='bbox 968 2184 1046 2226; x_wconf 88' lang='lat' dir='ltr'><strong>esset</strong></span> <span class='ocrx_word' id='word_1_85' title='bbox 1124 2219 1127 2223; x_wconf 76' lang='grc'><strong>,</strong></span> 
     </span>
     <span class='ocr_line' id='line_1_15' title="bbox 318 2258 1055 2332; baseline 0 -17"><span class='ocrx_word' id='word_1_86' title='bbox 318 2260 459 2330; x_wconf 84' lang='lat' dir='ltr'><strong>Flaccus,</strong></span> <span class='ocrx_word' id='word_1_87' title='bbox 473 2272 501 2315; x_wconf 88' lang='lat' dir='ltr'><strong>et</strong></span> <span class='ocrx_word' id='word_1_88' title='bbox 517 2261 645 2315; x_wconf 88' lang='lat' dir='ltr'><strong>haereret</strong></span> <span class='ocrx_word' id='word_1_89' title='bbox 656 2259 743 2332; x_wconf 88' lang='lat' dir='ltr'><strong>nigro</strong></span> <span class='ocrx_word' id='word_1_90' title='bbox 759 2258 854 2332; x_wconf 82' lang='lat' dir='ltr'><strong>fuligo</strong></span> <span class='ocrx_word' id='word_1_91' title='bbox 870 2258 991 2315; x_wconf 88' lang='lat' dir='ltr'><strong>Maroni</strong></span> <span class='ocrx_word' id='word_1_92' title='bbox 1004 2260 1055 2330; x_wconf 87' lang='lat' dir='ltr'><strong>(a).</strong></span> 
     </span>
    </p>
   </div>
   <div class='ocr_carea' id='block_1_6' title="bbox 131 2429 1259 3449">
    <p class='ocr_par' dir='ltr' id='par_1_7' title="bbox 131 2429 1259 3449">
     <span class='ocr_line' id='line_1_16' title="bbox 138 2429 1256 2520; baseline -0.004 -18"><span class='ocrx_word' id='word_1_93' title='bbox 138 2433 271 2502; x_wconf 87' lang='lat' dir='ltr'><strong>Nonne</strong></span> <span class='ocrx_word' id='word_1_94' title='bbox 303 2431 434 2500; x_wconf 86' lang='lat' dir='ltr'><strong>meruit</strong></span> <span class='ocrx_word' id='word_1_95' title='bbox 465 2448 503 2497; x_wconf 91' lang='lat' dir='ltr'><strong>ut</strong></span> <span class='ocrx_word' id='word_1_96' title='bbox 526 2430 628 2518; x_wconf 80' lang='lat' dir='ltr'><strong>cuius</strong></span> <span class='ocrx_word' id='word_1_97' title='bbox 654 2431 767 2520; x_wconf 85' lang='lat' dir='ltr'><strong>patria</strong></span> <span class='ocrx_word' id='word_1_98' title='bbox 798 2429 916 2499; x_wconf 90' lang='lat' dir='ltr'><strong>studia</strong></span> <span class='ocrx_word' id='word_1_99' title='bbox 947 2432 1136 2498; x_wconf 84' lang='lat' dir='ltr'><strong>aemulatus</strong></span> <span class='ocrx_word' id='word_1_100' title='bbox 1171 2449 1256 2512; x_wconf 87' lang='lat' dir='ltr'><strong>erat,</strong></span> 
     </span>
     <span class='ocr_line' id='line_1_17' title="bbox 136 2528 1258 2636; baseline -0.004 -20"><span class='ocrx_word' id='word_1_101' title='bbox 136 2549 237 2616; x_wconf 88' lang='lat' dir='ltr'><strong>illius</strong></span> <span class='ocrx_word' id='word_1_102' title='bbox 253 2548 435 2617; x_wconf 86' lang='lat' dir='ltr'><strong>fortunam</strong></span> <span class='ocrx_word' id='word_1_103' title='bbox 450 2548 544 2636; x_wconf 88' lang='lat' dir='ltr'><strong>apud</strong></span> <span class='ocrx_word' id='word_1_104' title='bbox 559 2528 721 2636; x_wconf 86' lang='lat' dir='ltr'><strong>posteros</strong></span> <span class='ocrx_word' id='word_1_105' title='bbox 733 2545 1130 2634; x_wconf 80' lang='lat' dir='ltr'><strong>assequereturlAmbo</strong></span> <span class='ocrx_word' id='word_1_106' title='bbox 1139 2546 1258 2627; x_wconf 89' lang='lat' dir='ltr'><strong>amici,</strong></span> 
     </span>
     <span class='ocr_line' id='line_1_18' title="bbox 133 2661 1258 2754; baseline -0.003 -23"><span class='ocrx_word' id='word_1_107' title='bbox 133 2664 246 2732; x_wconf 82' lang='lat' dir='ltr'><strong>ambo</strong></span> <span class='ocrx_word' id='word_1_108' title='bbox 263 2665 437 2732; x_wconf 82' lang='lat' dir='ltr'><strong>Romanae</strong></span> <span class='ocrx_word' id='word_1_109' title='bbox 460 2663 583 2754; x_wconf 84' lang='lat' dir='ltr'><strong>gloriae</strong></span> <span class='ocrx_word' id='word_1_110' title='bbox 597 2683 792 2752; x_wconf 75' lang='lat' dir='ltr'><strong>praecones,</strong></span> <span class='ocrx_word' id='word_1_111' title='bbox 812 2661 870 2729; x_wconf 87' lang='lat' dir='ltr'><strong>ille</strong></span> <span class='ocrx_word' id='word_1_112' title='bbox 893 2661 994 2750; x_wconf 87' lang='lat' dir='ltr'><strong>epico</strong></span> <span class='ocrx_word' id='word_1_113' title='bbox 1012 2661 1182 2746; x_wconf 86' lang='lat' dir='ltr'><strong>carmine,</strong></span> <span class='ocrx_word' id='word_1_114' title='bbox 1202 2661 1258 2729; x_wconf 90' lang='lat' dir='ltr'><strong>hic</strong></span> 
     </span>
     <span class='ocr_line' id='line_1_19' title="bbox 137 2776 1259 2869; baseline -0.004 -20"><span class='ocrx_word' id='word_1_115' title='bbox 137 2780 263 2869; x_wconf 86' lang='lat' dir='ltr'><strong>lyrico,</strong></span> <span class='ocrx_word' id='word_1_116' title='bbox 280 2780 420 2848; x_wconf 85' lang='lat' dir='ltr'><strong>diversa</strong></span> <span class='ocrx_word' id='word_1_117' title='bbox 436 2778 586 2854; x_wconf 84' lang='lat' dir='ltr'><strong>ratione,</strong></span> <span class='ocrx_word' id='word_1_118' title='bbox 604 2779 666 2845; x_wconf 90' lang='lat' dir='ltr'><strong>sed</strong></span> <span class='ocrx_word' id='word_1_119' title='bbox 683 2776 758 2868; x_wconf 85' lang='lat' dir='ltr'><strong>pari</strong></span> <span class='ocrx_word' id='word_1_120' title='bbox 774 2776 899 2845; x_wconf 80' lang='lat' dir='ltr'><strong>affectu</strong></span> <span class='ocrx_word' id='word_1_121' title='bbox 920 2779 1046 2845; x_wconf 89' lang='lat' dir='ltr'><strong>Romae</strong></span> <span class='ocrx_word' id='word_1_122' title='bbox 1064 2777 1259 2868; x_wconf 83' lang='lat' dir='ltr'><strong>imaginem</strong></span> 
     </span>
     <span class='ocr_line' id='line_1_20' title="bbox 133 2885 1258 2984; baseline -0.004 -21"><span class='ocrx_word' id='word_1_123' title='bbox 133 2896 447 2984; x_wconf 80' lang='lat' dir='ltr'><strong>depinxerunt3et</strong></span> <span class='ocrx_word' id='word_1_124' title='bbox 462 2895 491 2962; x_wconf 93' lang='lat' dir='ltr'><strong>si</strong></span> <span class='ocrx_word' id='word_1_125' title='bbox 513 2894 672 2975; x_wconf 83' lang='lat' dir='ltr'><strong>Flaccus,</strong></span> <span class='ocrx_word' id='word_1_126' title='bbox 695 2911 842 2983; x_wconf 80' lang='lat' dir='ltr'><strong>quaeest</strong></span> <span class='ocrx_word' id='word_1_127' title='bbox 870 2891 969 2982; x_wconf 91' lang='lat' dir='ltr'><strong>lyrici</strong></span> <span class='ocrx_word' id='word_1_128' title='bbox 998 2885 1167 2960; x_wconf 87' lang='lat' dir='ltr'><strong>carminis</strong></span> <span class='ocrx_word' id='word_1_129' title='bbox 1197 2915 1258 2960; x_wconf 87' lang='lat' dir='ltr'><strong>na·</strong></span> 
     </span>
     <span class='ocr_line' id='line_1_21' title="bbox 132 3008 1259 3079; baseline -0.003 0"><span class='ocrx_word' id='word_1_130' title='bbox 132 3031 217 3079; x_wconf 84' lang='lat' dir='ltr'><strong>rura</strong></span> <span class='ocrx_word' id='word_1_131' title='bbox 256 3011 506 3079; x_wconf 88' lang='lat' dir='ltr'><strong>reconditioris</strong></span> <span class='ocrx_word' id='word_1_132' title='bbox 546 3009 686 3078; x_wconf 86' lang='lat' dir='ltr'><strong>artificii</strong></span> <span class='ocrx_word' id='word_1_133' title='bbox 738 3027 771 3078; x_wconf 90' lang='lat' dir='ltr'><strong>et</strong></span> <span class='ocrx_word' id='word_1_134' title='bbox 809 3008 1043 3077; x_wconf 89' lang='lat' dir='ltr'><strong>abstrusioris</strong></span> <span class='ocrx_word' id='word_1_135' title='bbox 1085 3009 1259 3077; x_wconf 86' lang='lat' dir='ltr'><strong>doctrinae</strong></span> 
     </span>
     <span class='ocr_line' id='line_1_22' title="bbox 131 3123 1258 3216; baseline -0.003 -21"><span class='ocrx_word' id='word_1_136' title='bbox 131 3127 329 3214; x_wconf 82' lang='lat' dir='ltr'><strong>amantior,</strong></span> <span class='ocrx_word' id='word_1_137' title='bbox 354 3127 475 3193; x_wconf 86' lang='lat' dir='ltr'><strong>minus</strong></span> <span class='ocrx_word' id='word_1_138' title='bbox 498 3148 607 3215; x_wconf 91' lang='lat' dir='ltr'><strong>quam</strong></span> <span class='ocrx_word' id='word_1_139' title='bbox 622 3125 804 3216; x_wconf 85' lang='lat' dir='ltr'><strong>Vergilius</strong></span> <span class='ocrx_word' id='word_1_140' title='bbox 834 3123 1071 3215; x_wconf 86' lang='lat' dir='ltr'><strong>popularibus</strong></span> <span class='ocrx_word' id='word_1_141' title='bbox 1100 3124 1175 3192; x_wconf 92' lang='lat' dir='ltr'><strong>suis</strong></span> <span class='ocrx_word' id='word_1_142' title='bbox 1201 3147 1258 3192; x_wconf 87' lang='lat' dir='ltr'><strong>ac·</strong></span> 
     </span>
     <span class='ocr_line' id='line_1_23' title="bbox 132 3240 1259 3332; baseline -0.004 -20"><span class='ocrx_word' id='word_1_143' title='bbox 132 3262 262 3332; x_wconf 90' lang='lat' dir='ltr'><strong>ceptus</strong></span> <span class='ocrx_word' id='word_1_144' title='bbox 280 3260 346 3328; x_wconf 89' lang='lat' dir='ltr'><strong>est,</strong></span> <span class='ocrx_word' id='word_1_145' title='bbox 375 3243 469 3310; x_wconf 88' lang='lat' dir='ltr'><strong>haud</strong></span> <span class='ocrx_word' id='word_1_146' title='bbox 495 3242 615 3310; x_wconf 90' lang='lat' dir='ltr'><strong>minus</strong></span> <span class='ocrx_word' id='word_1_147' title='bbox 644 3258 736 3310; x_wconf 87' lang='lat' dir='ltr'><strong>certe</strong></span> <span class='ocrx_word' id='word_1_148' title='bbox 762 3240 878 3309; x_wconf 93' lang='lat' dir='ltr'><strong>doctis</strong></span> <span class='ocrx_word' id='word_1_149' title='bbox 903 3240 1037 3331; x_wconf 90' lang='lat' dir='ltr'><strong>placuit</strong></span> <span class='ocrx_word' id='word_1_150' title='bbox 1068 3261 1210 3329; x_wconf 88' lang='lat' dir='ltr'><strong>semper</strong></span> <span class='ocrx_word' id='word_1_151' title='bbox 1225 3259 1259 3308; x_wconf 88' lang='lat' dir='ltr'><strong>et</strong></span> 
     </span>
     <span class='ocr_line' id='line_1_24' title="bbox 137 3358 306 3449; baseline 0.012 -25"><span class='ocrx_word' id='word_1_152' title='bbox 137 3358 306 3449; x_wconf 89' lang='lat' dir='ltr'><strong>placebit.</strong></span> 
     </span>
    </p>
   </div>
   <div class='ocr_carea' id='block_1_7' title="bbox 102 3596 514 3757">
    <p class='ocr_par' dir='ltr' id='par_1_8' title="bbox 102 3596 514 3757">
     <span class='ocr_line' id='line_1_25' title="bbox 102 3596 514 3670; baseline 0.085 -33"><span class='ocrx_word' id='word_1_153' title='bbox 102 3602 105 3606; x_wconf 53' lang='lat'><strong>⁴</strong></span> <span class='ocrx_word' id='word_1_154' title='bbox 177 3599 216 3667; x_wconf 71' lang='lat' dir='ltr'><strong>(a)</strong></span> <span class='ocrx_word' id='word_1_155' title='bbox 242 3596 514 3670; x_wconf 76' lang='lat' dir='ltr'><strong>Trisr.1v‚10‚49·</strong></span> 
     </span>
     <span class='ocr_line' id='line_1_26' title="bbox 175 3689 451 3757; baseline 0.047 -25"><span class='ocrx_word' id='word_1_156' title='bbox 175 3690 215 3757; x_wconf 66' lang='lat'><strong>(2)</strong></span> <span class='ocrx_word' id='word_1_157' title='bbox 236 3689 299 3743; x_wconf 78' lang='lat' dir='ltr'><strong>Sat.</strong></span> <span class='ocrx_word' id='word_1_158' title='bbox 317 3707 368 3751; x_wconf 85' lang='lat' dir='ltr'><strong>vu,</strong></span> <span class='ocrx_word' id='word_1_159' title='bbox 386 3690 451 3745; x_wconf 87' lang='grc'><strong>226.</strong></span> 
     </span>
    </p>
   </div>
   <div class='ocr_carea' id='block_1_8' title="bbox 0 0 1490 5280">
    <p class='ocr_par' dir='ltr' id='par_1_9' title="bbox 0 0 1490 5280">
     <span class='ocr_line' id='line_1_27' title="bbox 0 0 1490 5280; baseline 0 0"><span class='ocrx_word' id='word_1_160' title='bbox 0 0 1490 5280; x_wconf 95' lang='lat' dir='ltr'><strong> </strong></span> 
     </span>
    </p>
   </div>
  </div>
 </body>
</html>
