2970 5280
700 1181 703 1186 .
765 1115 1029 1201 cneutv
1106 1101 1117 1143 ¹
1217 1095 1221 1102 ’

795 1340 799 1344 .
870 1341 872 1344 ⁴

673 1613 715 1688 nu
740 1641 877 1690 nonant
903 1641 1130 1689 introsorntn
1184 1661 1187 1666 ·

338 1852 360 1905 Ι,
390 1853 462 1903 Num
491 1852 525 1901 ad
552 1861 657 1903 certam
674 1852 829 1902 doctrinam
854 1850 950 1903 referri
971 1852 1064 1918 possit.
1081 1878 1112 1888 —
1128 1851 1161 1901 ll.
1180 1851 1253 1901 Num
1277 1851 1355 1901 varia
1377 1850 1468 1903 fuerit

368 1947 418 1999 pro
435 1932 513 1983 vario
538 1942 672 1998 tempore.
688 1959 716 1970 -
733 1931 780 1983 lll.
806 1932 879 1982 Num
899 1933 957 1982 alia·
978 1933 1007 1982 in
1025 1932 1120 1998 lyricis
1137 1931 1319 1993 carminibus,
1348 1932 1408 1982 alia
1435 1933 1467 1982 in

369 2004 557 2063 Sermonibusss
580 2039 611 2050 —
631 2012 675 2064 lV.
695 2013 770 2074 Quid
797 2028 945 2063 romanum
971 2027 1027 2078 prae
1047 2027 1075 2062 se
1098 2010 1168 2062 ferat
1192 2011 1299 2063 Horatii
1326 2013 1468 2063 universa

369 2088 583 2159 philosophandi
601 2095 689 2143 ratio:
708 2103 808 2144 -tota
826 2095 859 2144 ad
873 2095 1021 2145 utilitatem
1039 2103 1176 2158 spectans,
1189 2094 1329 2155 eclectica,
1349 2093 1468 2144 Stoico·

367 2187 432 2223 rum
443 2183 470 2223 et
484 2172 876 2240 Epicureorumconciliatrix.

382 2480 410 2549 l.
433 2479 743 2571 Quotiescumque
776 2480 818 2548 de
838 2501 985 2550 romana
1002 2479 1232 2571 philosophia
1251 2477 1463 2569 disseritur,

335 2597 407 2665 duo
420 2619 493 2688 prae
504 2597 630 2666 ceteris
644 2596 797 2666 nomina
817 2615 1022 2681 occurrunt,
1041 2596 1228 2668 Ciceronis
1245 2613 1278 2665 et
1294 2594 1463 2682 Senecae,

336 2735 416 2804 quae
429 2712 515 2782 satis
532 2712 688 2782 indicare
705 2736 768 2805 per
784 2737 820 2782 se
832 2714 1000 2782 videntur
1016 2712 1190 2803 quicquid
1207 2711 1243 2780 in
1261 2713 1463 2782 excolenda

335 2829 509 2920 sapientia
531 2851 722 2898 romanum
744 2829 930 2922 ingenium
952 2829 1117 2898 effecerit.
1138 2828 1287 2920 Optime
1305 2827 1463 2918 quidem

335 2945 363 3012 si
381 2946 498 3035 agitur
516 2944 559 3014 de
571 2945 733 3015 doctrina
747 2947 802 3015 via
818 2964 852 3014 et
867 2946 1004 3015 ratione
1022 2946 1201 3037 disputata
1219 2961 1251 3014 et
1270 2944 1306 3013 in
1324 2967 1462 3037 corpus

334 3062 517 3152 quoddam
533 3063 752 3131 coalescente
769 3085 777 3146 ;
790 3063 818 3130 si
832 3084 914 3131 vero
931 3085 1036 3131 nosse
1055 3062 1142 3131 velis
1156 3060 1297 3152 quidex
1311 3061 1460 3130 arcanis

334 3177 572 3270 philosophiae
600 3179 843 3271 penetralibus
877 3178 914 3248 in
942 3179 1132 3247 hominum
1149 3177 1462 3248 consuetudinem

333 3295 525 3380 transierit,
545 3296 631 3386 quid
651 3297 693 3364 de
710 3295 793 3378 diis,
811 3297 854 3364 de
870 3295 1003 3380 anima,
1022 3296 1065 3364 de
1081 3294 1243 3363 moribus
1260 3293 1462 3364 instituen-

332 3411 387 3479 dis
426 3410 603 3481 senserint
630 3429 812 3503 augusteae
847 3411 961 3481 aetatis
1003 3409 1181 3495 homines,
1219 3409 1461 3502 philosophia

332 3527 462 3610 edocti,
481 3538 545 3596 nec
565 3546 685 3617 tamen
717 3527 987 3619 philosophiam
1019 3528 1241 3618 profitentes,
1269 3525 1462 3598 neminem

331 3642 435 3712 video
457 3644 517 3733 qui
549 3643 679 3734 potiori
697 3643 773 3733 jure
789 3665 899 3734 quam
928 3643 1102 3712 Horatius
1133 3644 1168 3711 in
1201 3630 1462 3714 testimonium

331 3762 513 3829 vocandus
528 3759 586 3829 sit.
612 3762 666 3830 Ne
686 3778 807 3830 autem
826 3760 914 3828 illud
934 3760 1162 3830 mirationem
1179 3777 1337 3846 moveat,
1355 3763 1461 3851 quod

330 3892 471 3966 poetam
495 3876 530 3944 in
561 3876 606 3962 iis
633 3899 711 3967 quae
744 3876 788 3945 ad
821 3877 1090 3968 philosophiam
1122 3876 1302 3968 pertinent
1324 3894 1462 3950 testem

329 3992 547 4079 excitamus,
566 4009 604 4061 ut
622 3994 720 4061 enim
736 3992 835 4084 poesi
850 4014 933 4062 cum
949 3992 1180 4086 philosophia
1193 4010 1268 4062 arta
1285 3997 1462 4086 quaedam

330 4109 557 4179 necessitudo
574 4128 608 4178 et
634 4109 785 4178 affinitas
813 4109 1015 4196 intercedit,
1039 4109 1086 4179 ita
1101 4110 1157 4180 vix
1175 4111 1268 4179 inter
1284 4111 1463 4206 antiquos
