2970 5280
646 544 692 557 ..
720 518 760 595 (7
784 544 830 558 .-

181 644 322 714 Doricis
345 646 544 716 carminum
578 647 672 737 leges
702 647 886 738 totiusque
915 649 1033 740 operis
1061 651 1212 720 formam
1240 669 1300 722 su·

181 783 289 828 mere.
307 760 492 832 Sentiebat
515 762 625 846 enim,
648 784 713 853 pro
738 785 804 830 suo
827 762 949 852 judicii
966 763 1146 848 acumine,
1163 765 1300 853 poesim

180 877 361 946 choricam
381 902 400 945 a
418 877 542 968 graecis
567 877 744 964 moribus,
771 878 894 969 graecis
922 879 1169 970 religionibus,
1186 903 1301 971 graeco

179 992 266 1060 caelo
283 992 331 1061 ita
346 995 500 1084 pendere
519 1011 559 1062 ut
579 995 748 1063 translata
766 996 809 1062 ad
835 997 1033 1081 Romanos,
1065 997 1301 1087 quemadmo-

180 1109 269 1176 dum
283 1110 404 1197 planta
418 1133 484 1177 suo
502 1109 579 1177 solo
592 1112 728 1190 avulsa,
741 1110 952 1179 revirescere
965 1134 1152 1202 nunquam
1167 1130 1299 1204 posset.

182 1226 360 1293 Praeterea
381 1225 597 1294 Doricorum
625 1243 750 1312 metra,
775 1244 927 1296 tractatu
948 1226 1161 1313 difficiliora,
1187 1253 1302 1319 neque

71 1418 79 1431 ᾖ
181 1339 390 1409 rudioribus
409 1342 659 1410 Romanorum
677 1344 835 1412 camenis
853 1365 968 1433 neque
982 1344 1153 1434 asperiori
1172 1345 1303 1436 liuguae

182 1457 268 1524 satis
281 1459 550 1526 accommodata
564 1476 682 1542 erant3
699 1458 786 1548 quid
797 1460 894 1548 quod
908 1459 1059 1528 candide
1071 1461 1305 1550 profitebatur

181 1572 250 1640 sibi
270 1573 394 1641 deesse
411 1573 559 1663 spiritus
576 1573 656 1642 illos
673 1575 825 1663 grandes
842 1575 905 1663 qui
920 1574 1139 1645 continuatae
1156 1578 1303 1646 Dorico·

181 1711 263 1758 rum
282 1689 495 1758 sublimitati
515 1712 618 1780 pares
634 1692 777 1759 essent?
1058 1669 1062 1677 ⁹

226 1805 458 1897 Quapropter
477 1808 521 1875 ad
544 1807 711 1876 melicam
738 1807 878 1898 poesim
904 1831 940 1876 se
965 1808 1141 1877 convertit
1163 1808 1303 1877 imitan-

183 1924 279 2007 dam,
315 1946 396 2013 quae
438 1924 669 2013 stropharum
699 1924 944 1994 mediocritate
971 1926 1015 2012 (ι)
1051 1925 1150 1994 tenui
1190 1925 1304 2014 ipsius

183 2052 352 2114 camenae,
375 2030 586 2120 simpliciori
604 2050 802 2100 metrorum
826 2050 1003 2101 structura
1030 2033 1105 2101 latii
1127 2032 1304 2100 sermonis

182 2147 380 2236 asperitati,
410 2164 444 2215 et
469 2165 768 2237 argumentorum
793 2148 976 2233 varietate,
1004 2171 1084 2238 quae
1109 2172 1201 2239 saepe
1232 2171 1304 2218 non

184 2281 256 2331 tam
274 2286 387 2353 graeca
404 2285 513 2353 quam
533 2265 690 2333 humana
715 2280 812 2346 sunt,
841 2263 1051 2353 alienigenis
1069 2263 1212 2355 populis
1231 2263 1305 2331 sola

188 2401 384 2468 congruere
401 2380 602 2448 videbatur.
618 2381 754 2448 Eadem
772 2379 826 2447 via
843 2379 1030 2469 praeiverat
1046 2377 1225 2463 Catullus,
1242 2378 1305 2469 qui

185 2497 360 2564 nonnulla
383 2495 551 2586 Sapphus
577 2498 735 2565 carmina
760 2496 901 2564 civitate
926 2518 1073 2564 romana
1099 2497 1304 2563 donaverat.

186 2616 301 2682 Multa
333 2614 409 2704 ipse
447 2638 465 2682 a
504 2613 698 2705 Sapphone
729 2617 786 2703 (2),
819 2616 931 2683 multa
959 2636 1105 2703 quoque
1134 2612 1178 2680 ab
1212 2615 1307 2680 Ana-

186 2748 330 2799 creonte
349 2732 402 2820 (3)
426 2732 637 2820 desumpsit.
663 2731 733 2801 Sed
761 2753 843 2797 cum
869 2731 1010 2798 Alcaeus
1028 2729 1063 2796 in
1082 2728 1208 2819 primis
1229 2729 1307 2795 Ho-

185 2847 275 2916 ratio
291 2847 455 2915 moribus
468 2865 503 2915 et
514 2849 610 2915 varia
622 2847 703 2915 vitae
720 2847 863 2916 fortuna
875 2846 1084 2921 simillimus
1099 2846 1306 2931 exstitisset,

185 2987 340 3053 cumque
363 2963 460 3031 idem
488 2991 505 3026 a
532 2965 567 3031 in
596 2963 799 3053 eloquendo
825 2963 942 3031 brevis
971 2980 1004 3031 et
1032 2961 1257 3052 magnificuS,
1276 2978 1310 3029 et

185 3080 354 3171 diligens,
380 3098 414 3148 et
432 3081 645 3168 plerumque
668 3081 831 3147 Homero
849 3077 997 3156 similis,
1024 3078 1085 3145 sed
1103 3078 1140 3144 in
1162 3079 1262 3145 lusus
1276 3092 1310 3144 et

185 3219 326 3265 amores
352 3195 571 3279 descendam,
593 3193 790 3282 majoribus
809 3212 928 3261 tamen
949 3192 1100 3283 aptior»
1122 3193 1180 3278 (4),
1200 3213 1310 3259 aureo

184 3315 320 3403 plectro
337 3305 481 3401 plenius
492 3329 635 3380 sonaret
651 3311 708 3403 (5),
724 3311 828 3379 illum
845 3311 942 3378 velut
957 3308 1178 3400 praecipuum
1196 3329 1310 3375 exem-

224 3552 263 3622 (ι)
280 3552 366 3608 Drou.
384 3551 504 3619 Hauc,
520 3549 556 3603 de
573 3550 689 3604 Struct.
713 3565 758 3603 or.
780 3565 809 3620 p.
833 3549 898 3616 262,
915 3547 963 3602 ed.
986 3543 1102 3602 Schoef.
1127 3565 1141 3596 κ
1161 3545 1194 3595 Οἱ
1209 3545 1252 3609 μὲν
1271 3545 1312 3594 οὖν

188 3641 291 3711 α’ρκαῖσι
309 3637 428 3706 μελοποιοί
444 3670 478 3681 -
490 3641 547 3704 λέγω
561 3640 587 3689 δὲ
600 3638 733 3689 Ἀλκαῖὁντε
747 3639 789 3688 καὶ
807 3637 897 3710 Σαπφώ
914 3667 949 3679 -
963 3638 1049 3707 μικραῖς
1068 3636 1184 3686 &uenturo
1201 3635 1311 3704 στροφαῖς,

186 3730 247 3781 ὥστε
263 3729 287 3779 ἔν
296 3730 385 3795 ὀλίγοις
404 3731 455 3788 τοῖς
466 3728 546 3787 κώλοις
558 3728 584 3780 ου’
594 3731 678 3786 πολλάς
693 3728 782 3792 εἰσῆγον
793 3729 836 3784 τοῖς
847 3729 984 3791 parabside,
1001 3725 1096 3782 ἑπωδοῖς
1111 3743 1136 3774 τε
1145 3725 1205 3774 πάνυ
1213 3722 1313 3792 ἐχρῶντο

182 3819 281 3884 ὀλίγαις.
304 3839 316 3871 t
401 3807 402 3810 Ἴ
435 3884 437 3888 ³

220 3909 261 3980 (2)
281 3907 421 3976 Carm.r,
441 3907 551 3978 12,46;
570 3907 613 3977 13,
633 3905 725 3976 53111,
747 3922 791 3976 12,
805 3922 835 3974 4,

229 3996 269 4069 (3)
285 3996 395 4054 Carm.
413 4016 433 4064 r,
451 3996 497 4067 23,
514 4014 523 4051 1
540 4015 547 4066 3
565 4013 611 4069 27,
633 4012 712 4065 1;u,
731 3993 756 4059 5,
778 4010 869 4065 13111,
889 4011 931 4063 11,
947 4011 978 4066 7.

231 4087 273 4158 (4)
290 4087 403 4156 Qutur.
419 4085 493 4141 Inst.
511 4102 557 4141 or.
572 4102 601 4154 x,
616 4102 636 4149 1,
654 4082 700 4140 63.

231 4173 269 4247 (5)
286 4173 394 4233 Carm.
410 4191 441 4245 11,
461 4174 505 4246 13,
521 4173 557 4230 26
573 4189 660 4245 seqq.
