2970 5280
647 552 682 562 ..
713 529 759 594 44
782 548 826 559 ..-

179 673 243 720 nes
260 669 294 720 et
310 669 418 720 aestus
439 673 519 720 cum
540 651 666 741 Euripi
684 649 853 719 fluctibus
871 651 1014 719 Tullius
1032 675 1103 720 non
1119 651 1302 721 luculente

178 767 300 836 minus
336 790 445 858 quarn
475 789 555 836 vere
585 769 785 836 contulerat
815 769 877 855 (ι),
909 768 1063 836 mobiles
1096 767 1300 857 Quiritium

179 884 319 953 animos
347 886 405 973 (2),
432 882 709 973 instabilemque
737 885 921 975 popularis
950 904 1045 952 aurae
1070 885 1114 972 (3)
1139 883 1299 952 favorem

178 1000 267 1068 adeo
284 999 509 1069 declarabant
527 1017 566 1068 ut
588 1023 658 1068 non
678 1000 754 1068 sine
772 1022 877 1068 causa
895 1000 1064 1068 contendi
1082 999 1196 1090 possit
1214 998 1299 1069 inde

181 1116 372 1184 Horatium
390 1116 557 1185 didicisse
577 1138 686 1205 quam
706 1117 804 1206 parvi
822 1133 980 1184 ventosae
998 1115 1112 1207 plebis
1129 1116 1299 1206 suffragia

179 1232 292 1301 facere
318 1250 498 1320 oporteret
528 1234 588 1320 (4).
630 1233 952 1301 Verumenimvero
993 1232 1050 1300 vix
1092 1256 1184 1322 opus
1220 1255 1300 1301 esse

123 1336 125 1340 ¹
179 1348 332 1417 arbitror
367 1365 404 1416 ut
440 1370 606 1416 moneam
640 1347 741 1415 illurn
779 1348 1008 1438 popularium
1046 1348 1300 1438 suffragiorum

178 1482 427 1554 contemptum
442 1465 586 1555 signum
603 1486 698 1548 esse,
713 1482 750 1531 ut
767 1463 880 1547 aiunt,
900 1481 1117 1553 temporum,
1140 1464 1301 1554 satisque

180 1580 392 1649 denuntiare
407 1581 558 1649 caducos
572 1579 701 1648 veteris
715 1581 762 1647 rei
776 1579 927 1670 publicae
940 1601 1058 1649 mores
1073 1602 1218 1669 pessum
1234 1581 1298 1666 ire,

180 1714 286 1786 atque
300 1696 397 1764 brevi
415 1695 578 1769 futurum
595 1712 633 1764 ut
645 1698 833 1787 Augustus
850 1696 994 1764 comitia
1007 1696 1181 1779 debilitet,
1192 1697 1301 1764 Tibe·

180 1794 254 1880 rius
270 1812 412 1901 penitus
431 1813 531 1880 tollat
545 1815 602 1900 (5).

225 1927 336 2016 Quod
353 1929 396 1996 ad
414 1927 598 2017 religionis
616 1951 671 1996 res
685 1947 718 1996 et
732 1929 956 1996 caerimonias
975 1928 1128 2018 pertinet
1145 1928 1301 1997 breviter

180 2060 213 2112 et
230 2042 439 2111 summatim
457 2044 640 2133 attingam,
660 2066 743 2111 cum
760 2044 874 2111 fusius
895 2045 937 2111 de
959 2044 1028 2111 diis
1045 2044 1115 2131 jam
1131 2043 1300 2134 disputa-

181 2179 257 2229 tum
275 2160 340 2241 sit3
359 2160 444 2227 satis
462 2160 528 2227 erit
550 2159 585 2226 in
614 2181 771 2251 praesens
797 2183 836 2228 ea
853 2160 1009 2228 delibare
1028 2182 1107 2249 quae
1126 2164 1297 2228 romanos

181 2298 300 2345 mores
326 2276 505 2366 imprimis
533 2276 688 2365 sapiunt.
721 2276 862 2344 Horatii
894 2276 1049 2344 carmina
1081 2276 1163 2358 diis,
1191 2278 1218 2347 si
1252 2277 1301 2346 ita

181 2393 278 2483 loqui
294 2393 346 2461 fas
363 2410 428 2474 est,
448 2392 537 2460 adeo
554 2393 657 2481 plena
675 2409 707 2460 et
724 2393 850 2462 reserta
865 2415 941 2460 esse
958 2409 997 2460 ut
1013 2414 1138 2460 eorum
1154 2393 1303 2461 nomina

181 2509 374 2578 sescenties
402 2526 660 2591 memorentur,
682 2509 799 2576 sciunt
820 2511 872 2576 vel
896 2508 956 2599 qui
982 2508 1160 2577 incuriosa
1188 2531 1302 2578 manu

182 2628 410 2708 evolverunt;
431 2646 546 2714 neque
571 2624 801 2692 temerarium
823 2624 868 2691 sit
891 2625 1105 2692 contendere
1128 2642 1201 2691 tarn
1224 2648 1303 2692 am·

182 2743 277 2832 plum
295 2740 342 2809 ibi
362 2762 544 2808 sacrarum
562 2761 681 2808 rerum
700 2742 887 2810 materiam
910 2740 1077 2822 inveniri,
1096 2757 1147 2825 ut,
1165 2740 1193 2808 si
1212 2741 1303 2809 alio-

180 2879 262 2926 rum
284 2878 392 2946 opera
417 2855 583 2924 deficiant
609 2856 670 2946 qui
701 2857 744 2924 de
776 2857 819 2924 iis
841 2855 983 2946 proprie
1013 2875 1051 2924 et.
1074 2842 1305 2946 peculiariter

181 2973 414 3063 scripserunt,
433 2971 552 3061 possis
568 2989 701 3055 tamen,
714 2971 871 3040 collectis
888 2992 967 3060 quae
984 2959 1079 3062 apud
1106 2967 1303 3042 Horatium

181 3111 303 3179 sparsa
320 3087 446 3173 jacent,
465 3109 621 3156 romanae
638 3088 822 3178 religionis
837 3086 987 3177 effigiem
1002 3088 1087 3156 satis
1103 3110 1302 3178 agnoscen-

181 3206 265 3272 dam
286 3203 499 3272 describere.
524 3203 577 3271 lbi
607 3205 762 3294 reperias
787 3203 997 3274 Graecorum
1029 3205 1190 3288 numina,
1217 3229 1303 3295 quae

181 3318 394 3408 jampridem
425 3317 461 3385 in
480 3318 661 3398 civitatem
684 3320 801 3401 allata,
829 3341 910 3386 suas
939 3320 1187 3408 proprietates,
1209 3343 1304 3410 quas

180 3451 320 3520 vocant,
350 3434 509 3502 romanis
540 3434 754 3503 numinibus
791 3435 1000 3516 induerunt,
1034 3435 1150 3525 iisque
1178 3453 1303 3506 tamen

182 3549 310 3618 ritibus
339 3552 507 3619 coluntur
533 3551 595 3640 qui
625 3574 666 3619 ex
698 3567 813 3619 vetere
847 3551 1096 3620 Romanorum
1128 3550 1305 3643 religione

216 3786 251 3853 (ι)
274 3787 338 3838 Cre.
356 3783 418 3839 Pro
435 3785 534 3848 Mur„
556 3803 599 3858 17,
616 3785 665 3842 35.

217 3875 254 3945 (2)
276 3872 380 3929 Carm.
402 3891 423 3944 1,
446 3891 470 3943 1,
490 3893 517 3945 7.

217 3961 254 4033 (3)
274 3961 381 4018 Carm.
397 3980 438 4031 111,
460 3982 487 4031 2,
507 3981 552 4019 ao.

216 4052 254 4122 (4)
275 4051 372 4125 Epist.
389 4071 410 4123 1,
430 4068 474 4125 19,
491 4052 536 4125 37.

215 4139 252 4212 (5)
273 4141 345 4196 Tne.
361 4141 449 4210 Anu„
462 4159 485 4212 r,
500 4141 544 4198 15.
