2970 5280
561 1217 916 1303 PROOEMIUM

663 1460 823 1476 -ᾑι-

370 1680 519 1728 MATERIA
544 1681 585 1727 ET
611 1681 700 1726 ORDO
726 1679 830 1727 Huius
851 1679 1108 1727 DlSPUTATlONIS

226 2117 309 2184 Non
338 2130 391 2182 est
421 2113 519 2203 quod
554 2133 734 2192 moneam,
764 2111 793 2177 si
827 2111 909 2200 quis
945 2110 1105 2200 exquirat
1139 2109 1227 2199 quid
1262 2111 1298 2176 in

181 2252 296 2321 graeco
311 2229 433 2319 aliquo
451 2245 554 2319 poeta
571 2248 728 2317 graecum
749 2248 866 2295 messe
883 2226 1057 2308 videatur,
1075 2247 1158 2293 eum
1175 2247 1299 2315 super·

181 2367 370 2415 vacaneam
402 2342 699 2434 disceptationem
726 2365 803 2410 esse
833 2359 1097 2432 suscepturum.
1132 2343 1316 2431 Namque

181 2461 391 2530 Graecorum
421 2460 622 2552 ingenium,
656 2480 739 2526 cum
768 2458 812 2531 ad
845 2475 977 2527 ceteras
1007 2475 1112 2541 artes,
1142 2473 1221 2525 tum
1253 2457 1297 2524 ad

181 2576 356 2667 poeticam
381 2575 472 2644 mira
503 2576 659 2665 quadam
692 2592 726 2644 et
757 2575 926 2666 peculiari
957 2575 1123 2644 felicitate
1159 2592 1296 2658 natum,

180 2714 366 2783 nunquam
383 2709 535 2760 externae
561 2691 640 2782 opis
664 2691 819 2783 indiguit
848 2709 885 2760 ut
914 2691 1073 2760 carmina
1102 2691 1295 2774 conderet;

179 2808 361 2898 siquidem
390 2806 505 2898 patrio
531 2807 608 2876 solo
641 2807 743 2896 quasi
781 2824 913 2891 exorta,
942 2807 1169 2898 propriisque
1189 2806 1298 2892 sucis

180 2942 349 3016 perpetuo
389 2923 579 3006 innutrita,
619 2923 877 3014 perfectissima
909 2924 968 2992 illa
998 2923 1132 2992 exstitit
1165 2923 1297 3012 poesis,

179 3040 285 3130 longo
303 3040 516 3109 saeculorum
535 3039 660 3107 ordine
679 3038 774 3107 varia
786 3038 1077 3129 exquisitissimae
1089 3039 1176 3108 artis
1190 3061 1298 3130 opera

181 3157 377 3246 proferens,
410 3177 504 3245 quae,
538 3172 577 3223 ut
605 3155 694 3223 nihil
723 3155 802 3224 aliis
832 3155 976 3246 populis
1006 3155 1218 3239 debuerant,
1249 3155 1297 3224 ita

179 3271 316 3340 cunctis
331 3272 375 3341 ad
392 3271 608 3356 imitandum
627 3272 787 3362 exempla
809 3271 1016 3362 praeberent.

225 3390 346 3479 Longe
360 3388 428 3457 alia
446 3387 555 3455 fuisse
581 3388 699 3455 latinae
720 3387 839 3477 poesis
866 3387 935 3456 fata
962 3389 1051 3455 adeo
1074 3403 1227 3471 constat,
1259 3404 1297 3455 ut

181 3504 328 3573 minime
343 3507 487 3573 inanem
504 3504 661 3572 futuram
677 3527 754 3573 esse
777 3525 923 3593 operam
950 3503 1113 3588 arbitrer,
1141 3503 1170 3571 si
1198 3525 1296 3593 quae-

180 3637 278 3689 ratur
297 3622 481 3710 quomodo
500 3641 670 3689 romanus
696 3619 826 3709 aliquis
848 3636 951 3710 poeta
971 3618 1006 3687 in
1032 3619 1222 3688 scribendo
1241 3642 1296 3688 ro·

181 3758 295 3805 manae
325 3736 482 3828 paruerit
511 3736 637 3817 indoli,
664 3736 788 3804 alienae
814 3735 987 3804 servierit.
1015 3735 1124 3824 Quod
1150 3735 1298 3826 quidem

179 3853 310 3942 saepius
329 3852 365 3919 in
387 3851 552 3941 plurimis
564 3851 764 3920 factitatum
774 3850 931 3920 multum
945 3851 1097 3920 contulit
1108 3853 1151 3919 ad
1164 3868 1296 3920 rectam

179 3969 221 4037 de
239 3970 490 4036 Romanorum
507 3989 542 4036 re
564 3967 734 4036 litteraria
750 3967 1039 4036 aestimationem.
1056 3968 1105 4038 Ut
1117 3967 1296 4058 praecipua

179 4102 320 4153 tantum
338 4084 486 4153 nomina
504 4083 691 4177 attingam,
708 4107 749 4151 ex
780 4083 944 4155 instituta
970 4083 1029 4153 iila
1057 4106 1140 4154 cum
1171 4083 1295 4180 graecis
