2970 5280
609 522 788 611 ..73-

135 685 285 757 gustum
303 666 460 734 laudavit
477 683 515 735 ut
531 666 627 734 aliud
640 688 713 750 ore,
729 665 826 734 aliud
842 682 984 756 pectore
1001 681 1150 754 gereret,
1167 663 1255 754 quid

138 783 217 851 istis
246 782 412 851 sensibus
433 784 504 867 liet,
531 806 622 872 quos
643 783 731 851 adeo
752 781 787 849 in
805 782 957 872 patriam
978 799 1182 850 constantes
1209 783 1256 872 ly·

138 899 222 966 ricis
233 898 456 968 carminibus
467 897 813 968 exbiberidiximusi
829 902 861 966 A
874 897 1072 988 Charybdi,
1089 897 1254 980 malunt,

137 1015 174 1082 in
193 1015 348 1106 Scyllam
380 1015 522 1084 Horatii
550 1015 725 1085 memoria
754 1015 947 1099 incurrere,
966 1038 1082 1105 neque
1103 1014 1256 1084 levitatis

137 1134 241 1221 culpa
258 1132 402 1222 purgari
429 1155 534 1223 posse
553 1133 706 1217 videtur,
733 1131 821 1222 quin
839 1131 1015 1200 mendacii
1043 1131 1120 1200 labe
1140 1131 1256 1221 turpis

138 1249 299 1340 prodeat.
325 1250 412 1317 Inde
430 1267 575 1340 apparet
592 1249 715 1339 quanti
733 1248 896 1316 futurum
914 1247 959 1315 sit
977 1248 1151 1315 momenti
1169 1270 1256 1337 qua·

138 1367 209 1434 lem
242 1388 292 1449 se,
321 1367 418 1455 quod
445 1366 490 1433 ad
516 1365 636 1432 civiles
661 1383 777 1454 partes
802 1366 941 1449 attinet,
975 1364 1123 1454 gesserit
1153 1381 1256 1454 poeta

136 1481 308 1565 definire;
329 1481 366 1549 in
388 1481 453 1549 hac
472 1481 570 1550 enim
592 1481 791 1571 quaestione
808 1482 910 1571 quasi
928 1482 1109 1550 cardinem
1127 1503 1255 1562 causae,

138 1619 220 1686 quae
237 1597 413 1686 disputari
427 1614 542 1688 coepta
556 1614 622 1684 est,
638 1598 770 1666 versari
787 1597 911 1666 fateor.

185 1712 504 1802 Quemadmodum
518 1737 601 1782 vero
617 1737 657 1782 ea
670 1737 725 1782 res
737 1716 842 1783 estad
854 1731 1019 1782 nostrum
1031 1714 1257 1803 propositum
1316 1754 1323 1767 κ

139 1830 293 1899 maxime
319 1830 571 1915 conducibilis,
594 1831 642 1899 ita
669 1831 835 1922 plurimis
860 1830 1130 1899 difficultatibus
1155 1830 1256 1898 intri·
1346 1846 1349 1851 “

138 1964 239 2022 cara;
259 1946 455 2035 quominus
473 1948 569 2015 euim
589 1948 631 2015 de
648 1946 801 2015 externis
824 1946 1017 2015 horatianae
1035 1946 1116 2014 vitae
1133 1945 1256 2014 condi·

138 2061 304 2129 cionibus
323 2080 415 2131 recta
434 2062 645 2148 sentiamus,
668 2079 761 2132 recta
778 2063 991 2150 judicemus,
1013 2062 1100 2130 illud
1117 2062 1257 2130 obstare

138 2178 282 2247 videtur
298 2180 395 2268 quod
410 2179 616 2247 testimonia
631 2181 674 2247 de
696 2178 765 2247 illis
783 2178 993 2270 proferenda
1011 2201 1121 2271 pauca
1134 2180 1256 2247 admo·
1290 2187 1297 2198 '

138 2295 229 2363 dum
246 2317 310 2363 nec
327 2294 376 2363 ita
392 2295 594 2364 indubitata
612 2295 850 2386 reperiuntur.
874 2296 996 2364 Exstat
1014 2318 1097 2363 sane
1116 2296 1256 2363 Horatii

138 2411 212 2480 vita
233 2437 252 2480 a
276 2410 450 2482 Suetonio
472 2413 615 2503 scripta,
640 2414 702 2481 sed
727 2435 820 2502 quae.
834 2412 950 2489 multo
972 2411 1165 2481 artioribus
1190 2412 1256 2480 cir-

140 2529 395 2598 cumscribitur
412 2529 576 2598 terminis
595 2552 704 2619 quam
720 2548 759 2597 ut
773 2530 946 2599 institutae
963 2529 1154 2619 quaestioni
1170 2531 1256 2598 rnul-

138 2661 219 2712 tum
252 2644 341 2713 lucis
366 2647 499 2715 afferat.
533 2647 676 2714 Adsunt
702 2669 846 2736 quoque
876 2662 989 2737 poetae
1020 2648 1190 2732 carmina,
1217 2671 1258 2714 ex

140 2759 274 2850 quibus
291 2761 443 2852 singulis
460 2763 546 2852 quid
566 2762 644 2847 hac,
669 2761 756 2852 quid
781 2762 840 2830 illa
854 2764 940 2831 bora
958 2763 1108 2831 senserit
1127 2763 1257 2831 melius

141 2899 247 2945 nosse
265 2877 328 2946 tibi
344 2879 519 2963 videaris;
539 2880 599 2946 sed
628 2877 657 2944 si
675 2901 784 2968 pauca
807 2879 974 2970 excipias,
994 2901 1074 2969 quae
1095 2879 1179 2948 satis
1196 2903 1258 2969 per

140 3017 178 3063 se
207 2994 386 3063 declarant
412 2994 544 3084 quibus
570 2994 729 3085 profecto
755 2996 861 3064 rebus
879 3018 982 3063 suam
1009 2996 1186 3085 originem
1202 2998 1257 3064 de-

140 3109 297 3192 buerint,
325 3128 465 3179 tantum
494 3112 594 3179 abest
617 3129 655 3179 ut
677 3111 803 3180 ceteris
822 3134 929 3179 suum
947 3129 1084 3180 constet
1100 3130 1256 3204 tempus,

140 3245 181 3294 ut
198 3226 363 3315 plurimae
390 3228 496 3295 etiarn
522 3218 604 3296 inde
632 3245 762 3297 exortae
789 3228 868 3296 lites
893 3229 950 3296 vix
972 3245 1068 3297 certo
1084 3229 1218 3317 judicio
1239 3254 1257 3297 a

141 3342 360 3410 doctissimis
392 3343 533 3412 Horatii
567 3344 822 3434 interpretibus
856 3345 1064 3436 compositae
1099 3345 1170 3413 sint
1196 3345 1255 3435 (1).

142 3457 372 3550 Quapropter
396 3459 486 3528 nihil
514 3460 659 3542 mirum,
684 3461 781 3550 quod
800 3460 863 3551 qui
885 3460 1026 3530 Horatii
1051 3461 1179 3551 agendi
1204 3484 1257 3530 ra·

140 3574 279 3643 tionem
296 3576 546 3646 aestimandam
563 3595 809 3668 susceperunt,
837 3577 872 3645 in
895 3594 967 3646 tarn
987 3577 1146 3646 diversas
1162 3578 1258 3646 abie-

176 3818 217 3888 (1)
240 3815 480 3890 Cf.·praesertim
503 3821 674 3890 Ktacuunu,
695 3837 741 3894 op.
772 3837 821 3887 c.;
846 3821 1057 3885 Funusruuuu
1086 3822 1130 3877 lle
1152 3820 1257 3878 Carm.

135 3905 255 3980 aliquot
268 3906 347 3964 Hor.
360 3907 492 3965 chronol.
509 3907 682 3981 (Hersleld.,
703 3908 782 3977 1838,
796 3928 804 3980 ;
820 3911 1048 3979 Wntcxrrururn,
1059 3925 1106 3983 op.
1123 3926 1168 3976 c.,·
1181 3912 1259 3966 Vnu-

136 4012 316 4066 onuuouuo,
333 3995 411 4054 Odes
426 3996 534 4053 d’Hor.
547 3998 626 4054 trad.
640 4014 674 4052 en
692 4014 758 4054 vers
766 3997 828 4071 fr„
845 3998 930 4054 3vol.
943 3997 1053 4071 (Paris,
1065 4000 1258 4070 1812-1813)3

138 4086 278 4223 Fruifuuu
302 4085 390 4142 Fasti
410 4087 578 4143 Horatiant‘
602 4086 727 4158 (Berol.‚
758 4087 859 4162 1839);
887 4089 990 4151 Parin,
1021 4089 1127 4146 (Euvr.
1149 4089 1258 4144 d'Hor.

135 4186 195 4244 pre
211 4210 230 4233 .,
247 4180 303 4225 etc.
431 4180 436 4191 '
816 4195 822 4207 .
