2970 5280
662 468 843 533 -55-

190 606 303 698 patria
319 629 504 697 nunquam
521 607 556 674 in
575 623 760 697 posterum
781 608 961 698 desperet.
981 609 1034 676 lta
1052 609 1148 677 enim
1165 611 1235 696 fiet,
1255 629 1307 692 ut,

190 722 219 791 si
237 721 354 791 civilia
374 722 482 791 obeas
498 722 636 806 munia,
651 724 781 792 fortem
800 741 833 791 et
851 742 1035 793 strenuam
1052 725 1185 794 civitati
1201 750 1308 794 naves

189 860 349 928 operam,
368 861 482 928 neque
504 839 548 907 de
569 838 624 907 via
647 861 756 929 quam
775 858 891 930 patres
912 838 1063 930 ingressi
1082 858 1166 910 sunt
1183 843 1309 911 deflec-

188 955 312 1040 tend0,
337 959 455 1044 'neque
482 976 592 1023 novas
618 957 789 1046 augendae
821 957 973 1046 publicae
1001 957 1123 1048 gloriae
1154 958 1308 1026 rationes

188 1070 409 1154 omittendo;
443 1071 472 1138 si
508 1092 593 1139 vero
626 1070 811 1161 scriptoris
841 1072 893 1138 vel
924 1089 1037 1160 poetae
1065 1089 1183 1162 partes
1210 1096 1307 1163 agas,

188 1187 318 1255 veteris
336 1186 458 1279 patriae
480 1186 636 1277 imagine
656 1209 799 1278 semper
819 1187 865 1254 ob
890 1188 1013 1255 oculos
1032 1189 1162 1278 posita,
1181 1206 1307 1280 praete-

187 1303 254 1372 rita
275 1323 436 1392 tempora
461 1325 544 1371 cum
568 1302 807 1392 praesentibus
824 1320 1016 1393 patresque
1042 1325 1125 1372 cum
1155 1306 1306 1396 posteris

186 1421 369 1501 continua,
384 1437 421 1487 ut
436 1419 483 1488 ita
497 1419 627 1502 dicam,
643 1436 764 1487 catena
776 1437 953 1502 conectas,
968 1420 1063 1488 cives
1077 1421 1192 1511 patrio
1207 1444 1306 1491 more

186 1553 332 1626 agentes
355 1534 493 1604 meritis
516 1535 683 1604 laudibus
707 1557 869 1619 exornes,
895 1553 1125 1626 errantesque
1153 1537 1305 1606 inviam

187 1652 291 1721 avitae
309 1651 431 1743 gloriae
448 1653 608 1721 reducas.
630 1653 711 1720 Jam
733 1673 817 1720 vero
833 1651 862 1718 si
877 1674 916 1719 ea
933 1652 1035 1741 quasi
1050 1652 1183 1722 trutina
1198 1653 1305 1743 lyrica

188 1768 333 1838 Horatii
358 1766 516 1836 carmina
542 1769 733 1858 expendas,
755 1767 917 1836 firturum
938 1790 1015 1836 esse
1039 1769 1124 1836 satis
1149 1770 1303 1853 confido,
1396 1856 1397 1860 Ἰ

187 1904 228 1954 ut
257 1885 316 1953 illa
342 1884 465 1976 patriae
492 1906 652 1975 amorem
678 1906 750 1975 prae
775 1907 812 1952 se
836 1885 926 1953 ferre
949 1901 984 1951 et
1011 1883 1144 1974 spirare
1162 1907 1303 1954 mecum

186 2000 401 2071 confitearis

233 2119 280 2186 ll.
311 2119 450 2186 Notum
470 2134 526 2185 est.
540 2117 650 2184 luisse
667 2117 754 2184 olim
770 2117 865 2206 apud
887 2117 1073 2185 Romanos
1090 2117 1177 2185 rude
1193 2118 1305 2207 quod·

106 2278 109 2282 -
186 2236 272 2303 darn
289 2234 408 2324 lyricae
423 2233 543 2325 poesis
556 2233 802 2318 simulacrum,
818 2256 888 2323 qua
905 2233 1065 2301 convivae
1082 2233 1116 2300 in
1135 2233 1250 2322 epulis
1262 2234 1305 2302 de

187 2353 368 2419 clarorum
401 2349 592 2418 bominum
618 2349 811 2417 virtutibus
836 2350 879 2416 ad
901 2348 1087 2416 tibicinem
1112 2365 1303 2431 canerent3

187 2489 298 2556 quem
317 2466 473 2557 patrium
491 2487 643 2549 morem,
665 2465 789 2533 multis
810 2465 941 2533 abhinc
961 2465 1065 2534 annis
1086 2465 1302 2546 obsoletum,

185 2583 375 2675 pollicetur
403 2581 577 2651 Horatius
605 2604 668 2649 sua
692 2602 799 2672 opera
825 2581 1038 2650 sollemnem
1058 2603 1184 2649 rursus
1207 2580 1303 2649 futu-

184 2721 266 2769 rum
283 2720 291 2768 :

436 2823 553 2878 Virtute
568 2821 700 2892 functos,
718 2838 802 2876 more
818 2832 950 2894 patrum,
964 2822 1067 2891 duces,

436 2910 528 2984 Lydis
544 2909 673 2966 remixto
689 2911 824 2965 carmine
839 2910 935 2974 tibiis,

458 3000 645 3074 Troiamque
661 3011 691 3054 et
704 2998 858 3054 Anchisen
875 3012 904 3055 et
920 2999 1006 3055 almae

507 3087 689 3159 Progeniem
703 3086 830 3144 Veneris
844 3105 986 3145 canemus
1002 3090 1049 3160 (1).

184 3264 269 3332 Non
307 3262 437 3328 desunt
472 3261 508 3327 in
540 3259 654 3349 ipsius
678 3257 779 3326 libris
809 3259 980 3342 carmina,
1006 3280 1099 3348 quae,
1123 3281 1204 3326 cum
1234 3259 1304 3327 illis

183 3378 416 3468 respondere,
440 3394 517 3443 tum
536 3374 670 3466 patrios
696 3397 822 3442 sensus
850 3392 884 3443 et
908 3396 1089 3442 summam
1106 3375 1235 3443 veteris
1254 3375 1302 3443 rei

182 3493 339 3584 publicae
354 3491 632 3561 admirationem
644 3490 825 3559 continere
839 3491 1040 3559 videantur.
1055 3489 1304 3579 Quaecumque

184 3609 286 3678 enim
302 3632 320 3676 a
342 3608 500 3677 Romulo
519 3607 561 3676 ad
579 3609 786 3695 Augustum
803 3607 942 3676 fortiter
962 3624 995 3675 et
1012 3606 1168 3696 gloriose
1186 3629 1304 3695 gesse-

181 3743 271 3795 runt
299 3724 467 3803 Romani,
498 3743 736 3814 quaecumque
764 3724 945 3814 praecipuo
973 3724 1108 3791 honore
1128 3723 1306 3790 fulserunt

179 3844 322 3910 ducum
334 3839 495 3923 nomina,
515 3840 562 3906 ita
580 3860 618 3906 ea
636 3855 894 3906 commemorat
910 3858 944 3906 et
960 3838 1108 3920 extollit,
1121 3838 1305 3906 utsentias

218 4072 261 4157 (tl
283 4087 387 4145 Carm.
403 4105 441 4159 rv,
466 4089 507 4156 15,
524 4105 571 4162 29.
