2970 5280
5 776 20 807 -τ
5 348 29 769 -τ-ῆτ-νςτῑττυ-ε--ῑ--τττ-ν·
8 290 20 341 ·--·-
9 240 29 283 2:-
8 132 27 232 ,xxx-:-
22 58 27 76 -

805 479 986 556 ..3,..

338 625 410 694 late
427 637 602 714 tyrannus
618 627 805 718 (eipuupelot)
818 630 875 716 (ι),
889 628 1002 696 amica
1016 623 1282 717 vispastoribus
1297 629 1455 716 (φιλοποίμ-

274 763 278 767 ·
333 745 401 830 νιος)
418 744 478 832 (2),
505 760 571 812 etc.
599 744 677 811 Hac
703 743 851 834 quidem
880 745 1016 813 ratione
1044 744 1195 814 minime
1222 743 1375 812 dubium
1405 760 1457 812 est

336 859 424 950 quin
448 858 670 949 poeticorum
689 878 985 951 argumentorum
1004 859 1143 950 copiam
1161 861 1294 928 mirum
1317 859 1354 928 in
1377 881 1455 927 mo-

336 975 425 1043 dum
456 976 615 1060 auxerit3
648 976 834 1066 oportebat
865 994 984 1046 autem
1021 994 1059 1045 ut
1095 977 1306 1045 Latinorum
1336 997 1456 1044 sermo

335 1091 497 1180 poeticus
530 1092 752 1181 aptioribus
781 1109 922 1162 tantum
952 1092 1148 1162 exasciatus
1183 1092 1331 1183 patienti
1372 1091 1456 1160 lima

337 1207 588 1297 perpoliretur,
621 1227 869 1300 quantumque
894 1209 970 1278 fieri
1002 1226 1137 1298 posset,
1166 1209 1209 1277 ad
1239 1207 1456 1299 exquisitam

337 1322 548 1393 Graecorum
563 1324 773 1394 suavitatem
789 1341 824 1394 et
839 1324 1053 1416 elegantiam
1067 1326 1260 1394 accederet.

383 1438 480 1507 Hinc
499 1441 604 1508 etiam
631 1441 810 1530 profectus
837 1461 890 1510 est
916 1441 1135 1510 reconditior
1166 1440 1222 1509 ille
1246 1440 1457 1531 graecismus

336 1554 398 1645 qui
425 1556 618 1625 verborum
640 1573 819 1626 structura
846 1557 989 1649 proprie
1019 1557 1235 1626 continetur.
1266 1557 1340 1646 Qui
1372 1578 1456 1624 cum

336 1671 536 1759 saepissime
555 1672 593 1739 in
613 1674 749 1741 melicis
767 1674 910 1742 Horatii
933 1673 1155 1742 carminibus
1177 1672 1375 1762 reperiatur
1390 1673 1454 1760 (3),

336 1789 535 1856 cavendum
555 1806 608 1857 est
624 1813 667 1858 ne
686 1789 808 1858 statim
825 1789 1103 1880 pronuntiemus
1121 1788 1350 1858 audaciorem
1371 1809 1456 1856 eum

334 1903 444 1972 luisse
459 1905 636 1973 sermonis
651 1923 871 1975 novatorem.
887 1905 1021 1977 Sedulo
1035 1904 1132 1973 enim
1148 1904 1323 1995 quaerenti
1339 1903 1458 1994 quida

335 2019 518 2088 Venusino
537 2021 731 2110 graecanice
746 2038 994 2089 constructum
1018 2021 1077 2105 sit,
1097 2019 1186 2088 nihil
1210 2020 1281 2088 lere
1306 2018 1458 2087 obvium

335 2135 373 2210 fit
390 2135 488 2226 quod
513 2160 532 2205 a
555 2137 715 2204 romanis
741 2136 856 2227 poetis
877 2160 947 2205 non
973 2137 1043 2224 jam
1059 2136 1265 2204 adhibitum
1281 2152 1389 2219 esset,
1410 2135 1458 2203 ita

334 2267 374 2318 ut
387 2252 573 2320 verissime
587 2253 757 2322 aestimari
776 2254 890 2343 possit
907 2274 990 2322 eum
1006 2253 1130 2320 minus
1143 2251 1332 2321 novavisse
1348 2271 1459 2340 quarn

334 2367 372 2435 in
393 2368 569 2436 sermonis
590 2369 719 2459 poetici
737 2370 1037 2438 consuetudinem
1054 2368 1204 2438 vertisse
1220 2389 1301 2458 quae
1316 2367 1360 2436 ab
1377 2366 1459 2435 aliis

336 2486 382 2552 ad
412 2485 662 2575 grammaticas
689 2484 899 2554 Graecorum
932 2486 1025 2576 leges
1054 2503 1184 2553 novata
1209 2501 1339 2565 essent.
1373 2483 1459 2572 Qua

335 2600 537 2669 imitatione
555 2600 759 2671 factumest
785 2619 823 2670 ut
851 2603 983 2670 latinus
1008 2623 1126 2670 sermo
1144 2620 1283 2684 auctus,
1308 2622 1380 2667 non
1399 2600 1462 2668 de-

336 2733 504 2808 pravatus
521 2717 712 2786 videretur.
733 2720 829 2787 Dum
846 2717 1129 2786 enimtardiores
1147 2717 1314 2806 quaedam
1328 2715 1460 2784 verbo-

337 2855 419 2901 rum
447 2822 782 2902 construendorum
802 2835 958 2903 rationes
984 2834 1020 2901 in
1038 2835 1240 2925 pedestrem
1256 2833 1460 2901 orationem

336 2948 561 3040 ablegantur,
587 2951 631 3018 ad
662 2950 870 3020 Graecorum
897 2973 1061 3019 normam
1085 2949 1232 3039 fingitur
1257 2971 1375 3017 sermo
1399 2948 1461 3017 ille

335 3082 522 3156 poetarum
542 3067 723 3156 proprius
738 3066 800 3156 qui
817 3085 856 3135 ut
872 3066 1013 3135 brevior
1029 3065 1078 3135 ita
1094 3064 1292 3148 nervosior'‚
1309 3081 1349 3132 ut
1365 3086 1462 3154 quae·

336 3180 439 3248 sitior
457 3181 505 3249 ita
522 3204 668 3271 quoque
687 3182 883 3274 elegantior
902 3182 1087 3273 procedit3
1106 3181 1195 3249 dum
1219 3198 1340 3249 autem
1355 3181 1460 3270 prio-

258 3298 261 3305 '
336 3318 418 3365 rum
435 3315 623 3387 poetarum
649 3300 872 3367 consuetudo
893 3298 1084 3389 diligenter
1099 3298 1321 3382 observatur,
1340 3296 1462 3364 nativa

337 3413 524 3482 latinitatis
543 3413 683 3483 indoles
704 3439 769 3483 suo
788 3415 905 3484 colore
920 3415 1131 3485 Graecorum
1149 3436 1234 3504 opes
1256 3412 1305 3480 ita
1328 3411 1461 3480 distin-

336 3529 427 3620 guit,
449 3547 488 3597 ut
512 3530 548 3596 in
573 3552 676 3598 suam
693 3530 948 3621 proprietatem
967 3554 1023 3598 eas
1038 3528 1246 3613 adduxisse,
1268 3527 1405 3596 nedum
1421 3525 1460 3594 in

337 3666 461 3713 earum
500 3644 700 3736 irruptione
730 3646 918 3716 evanuisse
951 3646 1127 3731 videatur.
1166 3642 1460 3734 Haediligentia

328 3933 330 3937 ’
372 3935 411 4004 (r)
430 3932 535 3988 Carm.
551 3949 595 4005 111,
616 3950 659 4005 17,
675 3952 701 4007 9.

371 4023 409 4094 (a)
424 4022 522 4095 Epod.
539 4024 567 4092 6,
584 4023 611 4078 6.

372 4109 406 4179 (3)
424 4108 470 4165 Cf.
488 4111 611 4180 Warrz,
628 4127 674 4183 op.
691 4127 716 4167 c.
733 4109 780 4164 ch.
798 4127 836 4164 rv.
854 4106 1210 4163 Helle'nismed'Horuce.
