<?xml version="1.0" encoding="UTF-8"?>
<!DOCTYPE html PUBLIC "-//W3C//DTD XHTML 1.0 Transitional//EN"
    "http://www.w3.org/TR/xhtml1/DTD/xhtml1-transitional.dtd">
<html xmlns="http://www.w3.org/1999/xhtml" xml:lang="en" lang="en">
 <head>
  <title>
</title>
<meta http-equiv="Content-Type" content="text/html;charset=utf-8" />
  <meta name='ocr-system' content='tesseract 3.04.00' />
  <meta name='ocr-capabilities' content='ocr_page ocr_carea ocr_par ocr_line ocrx_word'/>
</head>
<body>
  <div class='ocr_page' id='page_1' title='image "./quidvereromanum00devagoog_0090.png"; bbox 0 0 2970 5280; ppageno 0'>
   <div class='ocr_carea' id='block_1_1' title="bbox 646 484 826 554">
    <p class='ocr_par' dir='ltr' id='par_1_1' title="bbox 646 484 826 554">
     <span class='ocr_line' id='line_1_1' title="bbox 646 484 826 554; baseline 0.006 -20"><span class='ocrx_word' id='word_1_1' title='bbox 646 484 826 554; x_wconf 35' lang='lat'>*31-</span> 
     </span>
    </p>
   </div>
   <div class='ocr_carea' id='block_1_2' title="bbox 178 610 1400 3519">
    <p class='ocr_par' dir='ltr' id='par_1_2' title="bbox 178 610 1400 2120">
     <span class='ocr_line' id='line_1_2' title="bbox 178 610 1400 720; baseline 0.002 -25"><span class='ocrx_word' id='word_1_2' title='bbox 178 610 350 697; x_wconf 85' lang='lat' dir='ltr'>actiacam</span> <span class='ocrx_word' id='word_1_3' title='bbox 382 649 539 720; x_wconf 89' lang='lat' dir='ltr'>pugnam</span> <span class='ocrx_word' id='word_1_4' title='bbox 570 652 605 696; x_wconf 92' lang='lat' dir='ltr'>se</span> <span class='ocrx_word' id='word_1_5' title='bbox 638 630 797 719; x_wconf 83' lang='lat' dir='ltr'>praedant</span> <span class='ocrx_word' id='word_1_6' title='bbox 826 629 971 698; x_wconf 88' lang='lat' dir='ltr'>victoris</span> <span class='ocrx_word' id='word_1_7' title='bbox 1002 629 1098 698; x_wconf 86' lang='lat' dir='ltr'>fore?</span> <span class='ocrx_word' id='word_1_8' title='bbox 1127 631 1186 718; x_wconf 89' lang='lat' dir='ltr'>(r).</span> <span class='ocrx_word' id='word_1_9' title='bbox 1219 628 1301 700; x_wconf 89' lang='lat' dir='ltr'>Scio</span> <span class='ocrx_word' id='word_1_10' title='bbox 1397 629 1400 634; x_wconf 58' lang='grc'>“</span> 
     </span>
     <span class='ocr_line' id='line_1_3' title="bbox 181 744 1301 836; baseline 0.002 -24"><span class='ocrx_word' id='word_1_11' title='bbox 181 745 275 812; x_wconf 88' lang='lat' dir='ltr'>inter</span> <span class='ocrx_word' id='word_1_12' title='bbox 290 744 504 814; x_wconf 86' lang='lat' dir='ltr'>recentiores</span> <span class='ocrx_word' id='word_1_13' title='bbox 521 768 594 812; x_wconf 96' lang='lat' dir='ltr'>non</span> <span class='ocrx_word' id='word_1_14' title='bbox 612 768 745 836; x_wconf 86' lang='lat' dir='ltr'>paucos</span> <span class='ocrx_word' id='word_1_15' title='bbox 767 745 962 814; x_wconf 86' lang='lat' dir='ltr'>credidisse</span> <span class='ocrx_word' id='word_1_16' title='bbox 991 745 1196 814; x_wconf 91' lang='lat' dir='ltr'>Pollionem</span> <span class='ocrx_word' id='word_1_17' title='bbox 1212 746 1301 814; x_wconf 90' lang='lat' dir='ltr'>adeo</span> 
     </span>
     <span class='ocr_line' id='line_1_4' title="bbox 179 857 1302 932; baseline 0.002 -4"><span class='ocrx_word' id='word_1_18' title='bbox 179 857 307 930; x_wconf 88' lang='lat' dir='ltr'>victori</span> <span class='ocrx_word' id='word_1_19' title='bbox 324 885 396 930; x_wconf 92' lang='lat' dir='ltr'>non</span> <span class='ocrx_word' id='word_1_20' title='bbox 410 863 605 931; x_wconf 73' lang='lat' dir='ltr'>adhaesisse</span> <span class='ocrx_word' id='word_1_21' title='bbox 621 861 903 932; x_wconf 84' lang='lat' dir='ltr'>utvehementer</span> <span class='ocrx_word' id='word_1_22' title='bbox 922 864 956 930; x_wconf 93' lang='lat' dir='ltr'>in</span> <span class='ocrx_word' id='word_1_23' title='bbox 973 862 1076 931; x_wconf 90' lang='lat' dir='ltr'>illum</span> <span class='ocrx_word' id='word_1_24' title='bbox 1095 862 1302 931; x_wconf 82' lang='lat' dir='ltr'>inimicitias</span> 
     </span>
     <span class='ocr_line' id='line_1_5' title="bbox 181 979 1303 1068; baseline 0.003 -22"><span class='ocrx_word' id='word_1_25' title='bbox 181 979 378 1047; x_wconf 85' lang='lat' dir='ltr'>exercuerit</span> <span class='ocrx_word' id='word_1_26' title='bbox 402 981 467 1068; x_wconf 82' lang='lat'>(2);</span> <span class='ocrx_word' id='word_1_27' title='bbox 494 981 556 1048; x_wconf 91' lang='lat' dir='ltr'>sed</span> <span class='ocrx_word' id='word_1_28' title='bbox 574 979 768 1048; x_wconf 90' lang='lat' dir='ltr'>verisimile</span> <span class='ocrx_word' id='word_1_29' title='bbox 786 980 985 1055; x_wconf 84' lang='lat' dir='ltr'>admodum</span> <span class='ocrx_word' id='word_1_30' title='bbox 1006 997 1059 1048; x_wconf 91' lang='lat' dir='ltr'>est</span> <span class='ocrx_word' id='word_1_31' title='bbox 1080 980 1163 1048; x_wconf 93' lang='lat' dir='ltr'>inde</span> <span class='ocrx_word' id='word_1_32' title='bbox 1184 997 1303 1049; x_wconf 90' lang='lat' dir='ltr'>natam</span> 
     </span>
     <span class='ocr_line' id='line_1_6' title="bbox 180 1095 1304 1188; baseline 0.003 -26"><span class='ocrx_word' id='word_1_33' title='bbox 180 1118 257 1164; x_wconf 89' lang='lat' dir='ltr'>esse</span> <span class='ocrx_word' id='word_1_34' title='bbox 272 1095 544 1164; x_wconf 84' lang='lat' dir='ltr'>inimicitiarum</span> <span class='ocrx_word' id='word_1_35' title='bbox 561 1097 693 1164; x_wconf 85' lang='lat' dir='ltr'>famam</span> <span class='ocrx_word' id='word_1_36' title='bbox 708 1098 804 1187; x_wconf 93' lang='lat' dir='ltr'>quod</span> <span class='ocrx_word' id='word_1_37' title='bbox 819 1098 918 1165; x_wconf 93' lang='lat' dir='ltr'>nullo</span> <span class='ocrx_word' id='word_1_38' title='bbox 933 1098 1143 1188; x_wconf 84' lang='lat' dir='ltr'>magistratu</span> <span class='ocrx_word' id='word_1_39' title='bbox 1160 1096 1304 1165; x_wconf 85' lang='lat' dir='ltr'>functus</span> 
     </span>
     <span class='ocr_line' id='line_1_7' title="bbox 182 1212 1304 1305; baseline 0.004 -26"><span class='ocrx_word' id='word_1_40' title='bbox 182 1212 240 1297; x_wconf 87' lang='lat' dir='ltr'>sit,</span> <span class='ocrx_word' id='word_1_41' title='bbox 258 1213 345 1280; x_wconf 93' lang='lat' dir='ltr'>dum</span> <span class='ocrx_word' id='word_1_42' title='bbox 366 1216 551 1303; x_wconf 85' lang='lat' dir='ltr'>Augustus</span> <span class='ocrx_word' id='word_1_43' title='bbox 568 1213 811 1305; x_wconf 84' lang='lat' dir='ltr'>principatum</span> <span class='ocrx_word' id='word_1_44' title='bbox 826 1231 963 1304; x_wconf 84' lang='lat' dir='ltr'>gereret</span> <span class='ocrx_word' id='word_1_45' title='bbox 981 1215 1039 1303; x_wconf 83' lang='lat'><strong>(3).</strong></span> <span class='ocrx_word' id='word_1_46' title='bbox 1060 1215 1187 1304; x_wconf 88' lang='lat' dir='ltr'>Neque</span> <span class='ocrx_word' id='word_1_47' title='bbox 1205 1213 1304 1304; x_wconf 90' lang='lat' dir='ltr'>quic-</span> 
     </span>
     <span class='ocr_line' id='line_1_8' title="bbox 180 1329 1304 1420; baseline 0.002 -24"><span class='ocrx_word' id='word_1_48' title='bbox 180 1351 290 1419; x_wconf 91' lang='lat' dir='ltr'>quam</span> <span class='ocrx_word' id='word_1_49' title='bbox 307 1329 449 1399; x_wconf 89' lang='lat' dir='ltr'>obstare</span> <span class='ocrx_word' id='word_1_50' title='bbox 474 1331 691 1414; x_wconf 86' lang='lat' dir='ltr'>censuerim,</span> <span class='ocrx_word' id='word_1_51' title='bbox 712 1335 909 1420; x_wconf 86' lang='lat' dir='ltr'>quominus</span> <span class='ocrx_word' id='word_1_52' title='bbox 931 1331 1040 1398; x_wconf 88' lang='lat' dir='ltr'>veteri</span> <span class='ocrx_word' id='word_1_53' title='bbox 1056 1329 1204 1399; x_wconf 73' lang='lat' dir='ltr'>&#39;Horatii</span> <span class='ocrx_word' id='word_1_54' title='bbox 1224 1331 1304 1399; x_wconf 88' lang='lat' dir='ltr'>vitae</span> 
     </span>
     <span class='ocr_line' id='line_1_9' title="bbox 181 1446 1305 1537; baseline 0.002 -23"><span class='ocrx_word' id='word_1_55' title='bbox 181 1446 347 1536; x_wconf 91' lang='lat' dir='ltr'>scriptori</span> <span class='ocrx_word' id='word_1_56' title='bbox 364 1448 602 1532; x_wconf 75' lang='lat' dir='ltr'>confidamuS,</span> <span class='ocrx_word' id='word_1_57' title='bbox 620 1446 682 1537; x_wconf 92' lang='lat' dir='ltr'>qui</span> <span class='ocrx_word' id='word_1_58' title='bbox 707 1447 838 1516; x_wconf 90' lang='lat' dir='ltr'>diserte</span> <span class='ocrx_word' id='word_1_59' title='bbox 863 1465 1013 1516; x_wconf 91' lang='lat' dir='ltr'>testatur</span> <span class='ocrx_word' id='word_1_60' title='bbox 1033 1470 1116 1516; x_wconf 92' lang='lat' dir='ltr'>eum</span> <span class='ocrx_word' id='word_1_61' title='bbox 1141 1475 1157 1510; x_wconf 77' lang='lat' dir='ltr'>a</span> <span class='ocrx_word' id='word_1_62' title='bbox 1176 1449 1305 1516; x_wconf 83' lang='lat' dir='ltr'>Maece-</span> 
     </span>
     <span class='ocr_line' id='line_1_10' title="bbox 181 1562 1306 1654; baseline 0.002 -24"><span class='ocrx_word' id='word_1_63' title='bbox 181 1562 275 1630; x_wconf 90' lang='lat' dir='ltr'>natis</span> <span class='ocrx_word' id='word_1_64' title='bbox 289 1581 322 1632; x_wconf 91' lang='lat' dir='ltr'>et</span> <span class='ocrx_word' id='word_1_65' title='bbox 336 1562 513 1631; x_wconf 91' lang='lat' dir='ltr'>Pollionis</span> <span class='ocrx_word' id='word_1_66' title='bbox 528 1562 731 1632; x_wconf 92' lang='lat' dir='ltr'>interventu</span> <span class='ocrx_word' id='word_1_67' title='bbox 744 1564 779 1631; x_wconf 94' lang='lat' dir='ltr'>in</span> <span class='ocrx_word' id='word_1_68' title='bbox 792 1565 942 1654; x_wconf 84' lang='lat' dir='ltr'>gratiam</span> <span class='ocrx_word' id='word_1_69' title='bbox 953 1563 1108 1654; x_wconf 83' lang='lat' dir='ltr'>Augusti</span> <span class='ocrx_word' id='word_1_70' title='bbox 1120 1581 1306 1654; x_wconf 89' lang='lat' dir='ltr'>receptum</span> 
     </span>
     <span class='ocr_line' id='line_1_11' title="bbox 180 1680 1306 1771; baseline -0.001 -23"><span class='ocrx_word' id='word_1_71' title='bbox 180 1703 259 1748; x_wconf 91' lang='lat' dir='ltr'>esse</span> <span class='ocrx_word' id='word_1_72' title='bbox 276 1706 293 1742; x_wconf 85' lang='lat'>›&gt;</span> <span class='ocrx_word' id='word_1_73' title='bbox 312 1681 369 1767; x_wconf 82' lang='lat'><strong>(4).</strong></span> <span class='ocrx_word' id='word_1_74' title='bbox 390 1680 474 1748; x_wconf 93' lang='lat' dir='ltr'>Non</span> <span class='ocrx_word' id='word_1_75' title='bbox 487 1682 619 1748; x_wconf 91' lang='lat' dir='ltr'>desunt</span> <span class='ocrx_word' id='word_1_76' title='bbox 638 1680 746 1771; x_wconf 91' lang='lat' dir='ltr'>igitur</span> <span class='ocrx_word' id='word_1_77' title='bbox 761 1681 822 1770; x_wconf 93' lang='lat' dir='ltr'>qui</span> <span class='ocrx_word' id='word_1_78' title='bbox 842 1680 935 1749; x_wconf 90' lang='lat' dir='ltr'>viam</span> <span class='ocrx_word' id='word_1_79' title='bbox 952 1680 1105 1749; x_wconf 91' lang='lat' dir='ltr'>Horatio</span> <span class='ocrx_word' id='word_1_80' title='bbox 1121 1680 1165 1748; x_wconf 91' lang='lat' dir='ltr'>ad</span> <span class='ocrx_word' id='word_1_81' title='bbox 1183 1682 1306 1749; x_wconf 91' lang='lat' dir='ltr'>laudes</span> 
     </span>
     <span class='ocr_line' id='line_1_12' title="bbox 180 1795 1306 1886; baseline 0 -22"><span class='ocrx_word' id='word_1_82' title='bbox 180 1795 335 1886; x_wconf 85' lang='lat' dir='ltr'>Augusti</span> <span class='ocrx_word' id='word_1_83' title='bbox 355 1797 586 1866; x_wconf 85' lang='lat' dir='ltr'>celebrandas</span> <span class='ocrx_word' id='word_1_84' title='bbox 602 1797 875 1886; x_wconf 85' lang='lat' dir='ltr'>praemunivisse</span> <span class='ocrx_word' id='word_1_85' title='bbox 892 1797 1100 1879; x_wconf 82' lang='lat' dir='ltr'>uideantur;</span> <span class='ocrx_word' id='word_1_86' title='bbox 1118 1820 1233 1886; x_wconf 93' lang='lat' dir='ltr'>neque</span> <span class='ocrx_word' id='word_1_87' title='bbox 1251 1819 1306 1865; x_wconf 90' lang='lat' dir='ltr'>me</span> 
     </span>
     <span class='ocr_line' id='line_1_13' title="bbox 185 1899 1306 2004; baseline 0.001 -25"><span class='ocrx_word' id='word_1_88' title='bbox 185 1912 391 2003; x_wconf 89' lang='lat' dir='ltr'>intellegere</span> <span class='ocrx_word' id='word_1_89' title='bbox 406 1912 519 1981; x_wconf 85' lang='lat' dir='ltr'>fateor</span> <span class='ocrx_word' id='word_1_90' title='bbox 531 1913 642 1980; x_wconf 86' lang='lat' dir='ltr'>curin</span> <span class='ocrx_word' id='word_1_91' title='bbox 658 1913 752 1981; x_wconf 93' lang='lat' dir='ltr'>hunc</span> <span class='ocrx_word' id='word_1_92' title='bbox 768 1913 889 2004; x_wconf 92' lang='lat' dir='ltr'>potius</span> <span class='ocrx_word' id='word_1_93' title='bbox 903 1899 1060 2004; x_wconf 82' lang='lat' dir='ltr'>culpam,</span> <span class='ocrx_word' id='word_1_94' title='bbox 1075 1913 1102 1981; x_wconf 91' lang='lat' dir='ltr'>si</span> <span class='ocrx_word' id='word_1_95' title='bbox 1120 1914 1224 2004; x_wconf 89' lang='lat' dir='ltr'>culpa</span> <span class='ocrx_word' id='word_1_96' title='bbox 1241 1930 1306 1999; x_wconf 82' lang='lat' dir='ltr'>est,</span> 
     </span>
     <span class='ocr_line' id='line_1_14' title="bbox 180 2028 715 2120; baseline 0.004 -24"><span class='ocrx_word' id='word_1_97' title='bbox 180 2051 290 2118; x_wconf 89' lang='lat' dir='ltr'>quam</span> <span class='ocrx_word' id='word_1_98' title='bbox 312 2029 350 2096; x_wconf 95' lang='lat' dir='ltr'>in</span> <span class='ocrx_word' id='word_1_99' title='bbox 368 2028 449 2097; x_wconf 88' lang='lat' dir='ltr'>illos</span> <span class='ocrx_word' id='word_1_100' title='bbox 466 2052 715 2120; x_wconf 89' lang='lat' dir='ltr'>congeramus.</span> 
     </span>
    </p>

    <p class='ocr_par' dir='ltr' id='par_1_3' title="bbox 181 2147 1335 3519">
     <span class='ocr_line' id='line_1_15' title="bbox 227 2147 1308 2236; baseline -0.001 -23"><span class='ocrx_word' id='word_1_101' title='bbox 227 2148 274 2214; x_wconf 88' lang='lat' dir='ltr'>At</span> <span class='ocrx_word' id='word_1_102' title='bbox 291 2163 475 2236; x_wconf 88' lang='lat' dir='ltr'>repentem</span> <span class='ocrx_word' id='word_1_103' title='bbox 491 2147 589 2214; x_wconf 91' lang='lat' dir='ltr'>illam</span> <span class='ocrx_word' id='word_1_104' title='bbox 602 2164 653 2214; x_wconf 92' lang='lat' dir='ltr'>tot</span> <span class='ocrx_word' id='word_1_105' title='bbox 666 2164 700 2215; x_wconf 93' lang='lat' dir='ltr'>et</span> <span class='ocrx_word' id='word_1_106' title='bbox 716 2164 899 2215; x_wconf 89' lang='lat' dir='ltr'>tantorum</span> <span class='ocrx_word' id='word_1_107' title='bbox 917 2147 1081 2215; x_wconf 89' lang='lat' dir='ltr'>vivorum</span> <span class='ocrx_word' id='word_1_108' title='bbox 1100 2147 1143 2214; x_wconf 91' lang='lat' dir='ltr'>ad</span> <span class='ocrx_word' id='word_1_109' title='bbox 1163 2147 1308 2235; x_wconf 87' lang='lat' dir='ltr'>Augus-</span> 
     </span>
     <span class='ocr_line' id='line_1_16' title="bbox 181 2261 1308 2352; baseline -0.001 -23"><span class='ocrx_word' id='word_1_110' title='bbox 181 2278 263 2330; x_wconf 89' lang='lat' dir='ltr'>tum</span> <span class='ocrx_word' id='word_1_111' title='bbox 284 2261 537 2346; x_wconf 72' lang='lat' dir='ltr'>defectionem,</span> <span class='ocrx_word' id='word_1_112' title='bbox 564 2286 673 2352; x_wconf 90' lang='lat' dir='ltr'>quam</span> <span class='ocrx_word' id='word_1_113' title='bbox 693 2282 831 2347; x_wconf 81' lang='lat' dir='ltr'>vocant,</span> <span class='ocrx_word' id='word_1_114' title='bbox 855 2262 977 2331; x_wconf 87' lang='lat' dir='ltr'>mirari</span> <span class='ocrx_word' id='word_1_115' title='bbox 1005 2264 1120 2330; x_wconf 89' lang='lat' dir='ltr'>solent</span> <span class='ocrx_word' id='word_1_116' title='bbox 1144 2261 1207 2352; x_wconf 93' lang='lat' dir='ltr'>qui</span> <span class='ocrx_word' id='word_1_117' title='bbox 1234 2283 1308 2329; x_wconf 91' lang='lat' dir='ltr'>rem</span> 
     </span>
     <span class='ocr_line' id='line_1_17' title="bbox 182 2377 1308 2470; baseline 0.002 -25"><span class='ocrx_word' id='word_1_118' title='bbox 182 2377 303 2468; x_wconf 88' lang='lat' dir='ltr'>potius</span> <span class='ocrx_word' id='word_1_119' title='bbox 325 2402 366 2446; x_wconf 86' lang='lat' dir='ltr'>ex</span> <span class='ocrx_word' id='word_1_120' title='bbox 391 2379 544 2469; x_wconf 86' lang='lat' dir='ltr'>perfecta</span> <span class='ocrx_word' id='word_1_121' title='bbox 571 2381 726 2468; x_wconf 89' lang='lat' dir='ltr'>quadam</span> <span class='ocrx_word' id='word_1_122' title='bbox 748 2378 933 2470; x_wconf 89' lang='lat' dir='ltr'>dignitatis</span> <span class='ocrx_word' id='word_1_123' title='bbox 957 2379 1094 2449; x_wconf 88' lang='lat' dir='ltr'>ratione</span> <span class='ocrx_word' id='word_1_124' title='bbox 1115 2379 1308 2463; x_wconf 90' lang='lat' dir='ltr'>aestimant,</span> 
     </span>
     <span class='ocr_line' id='line_1_18' title="bbox 182 2495 1311 2585; baseline -0.001 -23"><span class='ocrx_word' id='word_1_125' title='bbox 182 2518 294 2585; x_wconf 89' lang='lat' dir='ltr'>quam</span> <span class='ocrx_word' id='word_1_126' title='bbox 327 2518 368 2562; x_wconf 82' lang='lat' dir='ltr'>ex</span> <span class='ocrx_word' id='word_1_127' title='bbox 397 2518 479 2564; x_wconf 89' lang='lat' dir='ltr'>vera</span> <span class='ocrx_word' id='word_1_128' title='bbox 511 2495 656 2568; x_wconf 85' lang='lat' dir='ltr'>illorum</span> <span class='ocrx_word' id='word_1_129' title='bbox 685 2513 891 2585; x_wconf 88' lang='lat' dir='ltr'>temporum</span> <span class='ocrx_word' id='word_1_130' title='bbox 920 2495 1149 2564; x_wconf 90' lang='lat' dir='ltr'>condicione.</span> <span class='ocrx_word' id='word_1_131' title='bbox 1182 2497 1311 2585; x_wconf 90' lang='lat' dir='ltr'>Neque</span> 
     </span>
     <span class='ocr_line' id='line_1_19' title="bbox 182 2611 1311 2703; baseline 0.001 -25"><span class='ocrx_word' id='word_1_132' title='bbox 182 2611 279 2679; x_wconf 93' lang='lat' dir='ltr'>enim</span> <span class='ocrx_word' id='word_1_133' title='bbox 299 2611 373 2679; x_wconf 91' lang='lat' dir='ltr'>fieri</span> <span class='ocrx_word' id='word_1_134' title='bbox 392 2629 511 2703; x_wconf 91' lang='lat' dir='ltr'>potest</span> <span class='ocrx_word' id='word_1_135' title='bbox 531 2631 570 2681; x_wconf 90' lang='lat' dir='ltr'>ut</span> <span class='ocrx_word' id='word_1_136' title='bbox 589 2612 787 2696; x_wconf 75' lang='lat' dir='ltr'>diffitearis,</span> <span class='ocrx_word' id='word_1_137' title='bbox 806 2613 873 2680; x_wconf 88' lang='lat' dir='ltr'>nisi</span> <span class='ocrx_word' id='word_1_138' title='bbox 892 2615 996 2702; x_wconf 90' lang='lat' dir='ltr'>plane</span> <span class='ocrx_word' id='word_1_139' title='bbox 1018 2612 1052 2680; x_wconf 97' lang='lat' dir='ltr'>in</span> <span class='ocrx_word' id='word_1_140' title='bbox 1071 2611 1178 2680; x_wconf 89' lang='lat' dir='ltr'>rebus</span> <span class='ocrx_word' id='word_1_141' title='bbox 1194 2633 1311 2680; x_wconf 92' lang='lat' dir='ltr'>roma·</span> 
     </span>
     <span class='ocr_line' id='line_1_20' title="bbox 183 2727 1312 2819; baseline -0.001 -23"><span class='ocrx_word' id='word_1_142' title='bbox 183 2727 243 2796; x_wconf 91' lang='lat' dir='ltr'>nis</span> <span class='ocrx_word' id='word_1_143' title='bbox 261 2729 393 2817; x_wconf 88' lang='lat' dir='ltr'>hospes</span> <span class='ocrx_word' id='word_1_144' title='bbox 411 2727 473 2812; x_wconf 89' lang='lat' dir='ltr'>sis,</span> <span class='ocrx_word' id='word_1_145' title='bbox 491 2729 686 2796; x_wconf 83' lang='lat' dir='ltr'>maximam</span> <span class='ocrx_word' id='word_1_146' title='bbox 712 2731 962 2797; x_wconf 90' lang='lat' dir='ltr'>Romanorum</span> <span class='ocrx_word' id='word_1_147' title='bbox 980 2746 1131 2819; x_wconf 78' lang='lat' dir='ltr'>partem,</span> <span class='ocrx_word' id='word_1_148' title='bbox 1152 2749 1234 2796; x_wconf 91' lang='lat' dir='ltr'>cum</span> <span class='ocrx_word' id='word_1_149' title='bbox 1252 2750 1312 2817; x_wconf 91' lang='lat' dir='ltr'>pa·</span> 
     </span>
     <span class='ocr_line' id='line_1_21' title="bbox 182 2843 1314 2936; baseline -0.002 -24"><span class='ocrx_word' id='word_1_150' title='bbox 182 2843 294 2912; x_wconf 89' lang='lat' dir='ltr'>triam</span> <span class='ocrx_word' id='word_1_151' title='bbox 311 2844 474 2913; x_wconf 88' lang='lat' dir='ltr'>viderent</span> <span class='ocrx_word' id='word_1_152' title='bbox 498 2848 551 2914; x_wconf 88' lang='lat' dir='ltr'>tot</span> <span class='ocrx_word' id='word_1_153' title='bbox 575 2845 742 2913; x_wconf 90' lang='lat' dir='ltr'>civilibus</span> <span class='ocrx_word' id='word_1_154' title='bbox 767 2844 959 2913; x_wconf 86' lang='lat' dir='ltr'>discordiis</span> <span class='ocrx_word' id='word_1_155' title='bbox 987 2868 1076 2936; x_wconf 92' lang='lat' dir='ltr'>pene</span> <span class='ocrx_word' id='word_1_156' title='bbox 1094 2845 1137 2913; x_wconf 89' lang='lat' dir='ltr'>ad</span> <span class='ocrx_word' id='word_1_157' title='bbox 1160 2843 1314 2911; x_wconf 91' lang='lat' dir='ltr'>nihilum</span> 
     </span>
     <span class='ocr_line' id='line_1_22' title="bbox 182 2960 1314 3053; baseline -0.002 -24"><span class='ocrx_word' id='word_1_158' title='bbox 182 2960 381 3046; x_wconf 90' lang='lat' dir='ltr'>redactam,</span> <span class='ocrx_word' id='word_1_159' title='bbox 402 2978 528 3030; x_wconf 90' lang='lat' dir='ltr'>cuncta</span> <span class='ocrx_word' id='word_1_160' title='bbox 549 2962 585 3029; x_wconf 93' lang='lat' dir='ltr'>in</span> <span class='ocrx_word' id='word_1_161' title='bbox 607 2984 767 3053; x_wconf 90' lang='lat' dir='ltr'>praesens</span> <span class='ocrx_word' id='word_1_162' title='bbox 791 2961 938 3045; x_wconf 79' lang='lat' dir='ltr'>incerta,</span> <span class='ocrx_word' id='word_1_163' title='bbox 963 2979 1070 3051; x_wconf 91' lang='lat' dir='ltr'>atque</span> <span class='ocrx_word' id='word_1_164' title='bbox 1092 2961 1128 3029; x_wconf 96' lang='lat' dir='ltr'>in</span> <span class='ocrx_word' id='word_1_165' title='bbox 1153 2960 1314 3028; x_wconf 80' lang='lat' dir='ltr'>fututum</span> 
     </span>
     <span class='ocr_line' id='line_1_23' title="bbox 183 3076 1314 3169; baseline -0.004 -21"><span class='ocrx_word' id='word_1_166' title='bbox 183 3100 288 3168; x_wconf 91' lang='lat' dir='ltr'>spem</span> <span class='ocrx_word' id='word_1_167' title='bbox 307 3095 421 3146; x_wconf 91' lang='lat' dir='ltr'>status</span> <span class='ocrx_word' id='word_1_168' title='bbox 440 3078 603 3147; x_wconf 89' lang='lat' dir='ltr'>melioris</span> <span class='ocrx_word' id='word_1_169' title='bbox 622 3079 773 3162; x_wconf 76' lang='lat' dir='ltr'>nullam,</span> <span class='ocrx_word' id='word_1_170' title='bbox 796 3101 917 3146; x_wconf 89' lang='lat' dir='ltr'>amore</span> <span class='ocrx_word' id='word_1_171' title='bbox 935 3077 1072 3169; x_wconf 75' lang='lat' dir='ltr'>patriae,</span> <span class='ocrx_word' id='word_1_172' title='bbox 1094 3076 1201 3145; x_wconf 90' lang='lat' dir='ltr'>taedio</span> <span class='ocrx_word' id='word_1_173' title='bbox 1218 3076 1314 3159; x_wconf 76' lang='lat' dir='ltr'>belli,</span> 
     </span>
     <span class='ocr_line' id='line_1_24' title="bbox 183 3193 1318 3286; baseline -0.004 -22"><span class='ocrx_word' id='word_1_174' title='bbox 183 3194 383 3283; x_wconf 91' lang='lat' dir='ltr'>studioque</span> <span class='ocrx_word' id='word_1_175' title='bbox 405 3194 468 3263; x_wconf 93' lang='lat' dir='ltr'>otii</span> <span class='ocrx_word' id='word_1_176' title='bbox 487 3197 530 3262; x_wconf 88' lang='lat' dir='ltr'>ad</span> <span class='ocrx_word' id='word_1_177' title='bbox 558 3195 667 3263; x_wconf 90' lang='lat' dir='ltr'>unius</span> <span class='ocrx_word' id='word_1_178' title='bbox 689 3212 902 3286; x_wconf 88' lang='lat' dir='ltr'>potestatem</span> <span class='ocrx_word' id='word_1_179' title='bbox 924 3195 1025 3284; x_wconf 88' lang='lat' dir='ltr'>quasi</span> <span class='ocrx_word' id='word_1_180' title='bbox 1051 3193 1318 3284; x_wconf 84' lang='lat' dir='ltr'>optatissimum</span> 
     </span>
     <span class='ocr_line' id='line_1_25' title="bbox 181 3309 1317 3402; baseline -0.004 -22"><span class='ocrx_word' id='word_1_181' title='bbox 181 3309 368 3380; x_wconf 86' lang='lat' dir='ltr'>felicitatis</span> <span class='ocrx_word' id='word_1_182' title='bbox 386 3329 532 3401; x_wconf 88' lang='lat' dir='ltr'>portum</span> <span class='ocrx_word' id='word_1_183' title='bbox 553 3311 770 3402; x_wconf 81' lang='lat' dir='ltr'>confugisse.</span> <span class='ocrx_word' id='word_1_184' title='bbox 788 3312 882 3379; x_wconf 91' lang='lat' dir='ltr'>lllud</span> <span class='ocrx_word' id='word_1_185' title='bbox 898 3333 982 3378; x_wconf 92' lang='lat' dir='ltr'>vero</span> <span class='ocrx_word' id='word_1_186' title='bbox 1000 3310 1165 3378; x_wconf 90' lang='lat' dir='ltr'>omnium</span> <span class='ocrx_word' id='word_1_187' title='bbox 1186 3309 1223 3375; x_wconf 93' lang='lat' dir='ltr'>in</span> <span class='ocrx_word' id='word_1_188' title='bbox 1242 3312 1317 3376; x_wconf 90' lang='lat' dir='ltr'>Au-</span> 
     </span>
     <span class='ocr_line' id='line_1_26' title="bbox 183 3424 1335 3519; baseline -0.001 -26"><span class='ocrx_word' id='word_1_189' title='bbox 183 3443 337 3518; x_wconf 89' lang='lat' dir='ltr'>gustum</span> <span class='ocrx_word' id='word_1_190' title='bbox 364 3426 482 3496; x_wconf 90' lang='lat' dir='ltr'>studia</span> <span class='ocrx_word' id='word_1_191' title='bbox 504 3428 732 3513; x_wconf 89' lang='lat' dir='ltr'>accendebat,</span> <span class='ocrx_word' id='word_1_192' title='bbox 752 3429 848 3517; x_wconf 94' lang='lat' dir='ltr'>quod</span> <span class='ocrx_word' id='word_1_193' title='bbox 869 3428 1034 3519; x_wconf 88' lang='lat' dir='ltr'>princeps</span> <span class='ocrx_word' id='word_1_194' title='bbox 1057 3427 1126 3511; x_wconf 87' lang='lat' dir='ltr'>ille,</span> <span class='ocrx_word' id='word_1_195' title='bbox 1145 3424 1335 3515; x_wconf 88' lang='lat' dir='ltr'>exquisita</span> 
     </span>
    </p>
   </div>
   <div class='ocr_carea' id='block_1_3' title="bbox 184 3680 1322 4024">
    <p class='ocr_par' dir='ltr' id='par_1_4' title="bbox 184 3680 1322 4024">
     <span class='ocr_line' id='line_1_27' title="bbox 226 3680 1322 3849; baseline -0.005 -21"><span class='ocrx_word' id='word_1_196' title='bbox 226 3681 268 3846; x_wconf 72' lang='lat' dir='ltr'>iii</span> <span class='ocrx_word' id='word_1_197' title='bbox 285 3680 559 3839; x_wconf 42' lang='lat' dir='ltr'>giffi&#39;l&#39;qsscifim</span> <span class='ocrx_word' id='word_1_198' title='bbox 577 3773 707 3830; x_wconf 79' lang='lat' dir='ltr'>Dissert.</span> <span class='ocrx_word' id='word_1_199' title='bbox 723 3773 759 3827; x_wconf 87' lang='lat' dir='ltr'>de</span> <span class='ocrx_word' id='word_1_200' title='bbox 774 3773 846 3837; x_wconf 81' lang='lat' dir='ltr'>vita,</span> <span class='ocrx_word' id='word_1_201' title='bbox 861 3771 953 3849; x_wconf 83' lang='lat' dir='ltr'>gestis</span> <span class='ocrx_word' id='word_1_202' title='bbox 968 3781 996 3826; x_wconf 85' lang='lat' dir='ltr'>et</span> <span class='ocrx_word' id='word_1_203' title='bbox 1011 3768 1130 3844; x_wconf 83' lang='lat' dir='ltr'>scriptis</span> <span class='ocrx_word' id='word_1_204' title='bbox 1144 3769 1196 3826; x_wconf 86' lang='lat' dir='ltr'>As.</span> <span class='ocrx_word' id='word_1_205' title='bbox 1211 3767 1322 3825; x_wconf 82' lang='lat' dir='ltr'>Pollio·</span> 
     </span>
     <span class='ocr_line' id='line_1_28' title="bbox 184 3863 585 3937; baseline -0.01 -17"><span class='ocrx_word' id='word_1_206' title='bbox 184 3864 247 3929; x_wconf 86' lang='lat' dir='ltr'>nis‚</span> <span class='ocrx_word' id='word_1_207' title='bbox 265 3881 293 3936; x_wconf 89' lang='lat' dir='ltr'>p.</span> <span class='ocrx_word' id='word_1_208' title='bbox 312 3881 350 3937; x_wconf 88' lang='lat'>49</span> <span class='ocrx_word' id='word_1_209' title='bbox 367 3866 476 3935; x_wconf 87' lang='lat' dir='ltr'>(Louv.</span> <span class='ocrx_word' id='word_1_210' title='bbox 494 3863 585 3935; x_wconf 78' lang='lat'>1858).</span> 
     </span>
     <span class='ocr_line' id='line_1_29' title="bbox 228 3946 1322 4024; baseline -0.006 -16"><span class='ocrx_word' id='word_1_211' title='bbox 228 3951 274 4021; x_wconf 83' lang='lat'>(3)</span> <span class='ocrx_word' id='word_1_212' title='bbox 296 3952 344 4009; x_wconf 87' lang='lat' dir='ltr'>Ci.</span> <span class='ocrx_word' id='word_1_213' title='bbox 361 3954 503 4018; x_wconf 69' lang='lat' dir='ltr'>Aonian,</span> <span class='ocrx_word' id='word_1_214' title='bbox 521 3953 568 4009; x_wconf 90' lang='lat' dir='ltr'>De</span> <span class='ocrx_word' id='word_1_215' title='bbox 584 3953 621 4009; x_wconf 87' lang='lat' dir='ltr'>C.</span> <span class='ocrx_word' id='word_1_216' title='bbox 637 3953 672 4024; x_wconf 82' lang='lat' dir='ltr'>A.</span> <span class='ocrx_word' id='word_1_217' title='bbox 690 3951 836 4009; x_wconf 82' lang='lat' dir='ltr'>Pollionis</span> <span class='ocrx_word' id='word_1_218' title='bbox 850 3952 912 4008; x_wconf 80' lang='lat' dir='ltr'>vita</span> <span class='ocrx_word' id='word_1_219' title='bbox 928 3963 957 4008; x_wconf 88' lang='lat' dir='ltr'>et</span> <span class='ocrx_word' id='word_1_220' title='bbox 971 3949 1100 4024; x_wconf 80' lang='lat' dir='ltr'>scriptis,</span> <span class='ocrx_word' id='word_1_221' title='bbox 1115 3967 1144 4022; x_wconf 90' lang='lat' dir='ltr'>p.</span> <span class='ocrx_word' id='word_1_222' title='bbox 1163 3947 1196 4004; x_wconf 83' lang='lat'>33</span> <span class='ocrx_word' id='word_1_223' title='bbox 1214 3946 1322 4019; x_wconf 83' lang='lat' dir='ltr'>(Paris,</span> 
     </span>
    </p>
   </div>
   <div class='ocr_carea' id='block_1_4' title="bbox 188 4043 1157 4224">
    <p class='ocr_par' dir='ltr' id='par_1_5' title="bbox 188 4043 1157 4224">
     <span class='ocr_line' id='line_1_30' title="bbox 188 4043 1157 4224; baseline -0.007 -32"><span class='ocrx_word' id='word_1_224' title='bbox 188 4043 353 4205; x_wconf 32' lang='lat' dir='ltr'>18(747))·Vit.</span> <span class='ocrx_word' id='word_1_225' title='bbox 370 4133 498 4198; x_wconf 68' lang='lat' dir='ltr'>Horat„</span> <span class='ocrx_word' id='word_1_226' title='bbox 515 4133 594 4206; x_wconf 87' lang='lat' dir='ltr'>apud</span> <span class='ocrx_word' id='word_1_227' title='bbox 614 4131 848 4206; x_wconf 79' lang='lat' dir='ltr'>Vanderbourg</span> <span class='ocrx_word' id='word_1_228' title='bbox 865 4149 915 4207; x_wconf 82' lang='lat' dir='ltr'>op.</span> <span class='ocrx_word' id='word_1_229' title='bbox 935 4149 973 4197; x_wconf 89' lang='lat' dir='ltr'>c.,</span> <span class='ocrx_word' id='word_1_230' title='bbox 988 4142 1008 4186; x_wconf 92' lang='lat' dir='ltr'>t.</span> <span class='ocrx_word' id='word_1_231' title='bbox 1027 4131 1096 4224; x_wconf 61' lang='lat' dir='ltr'><strong>I’P&#39;</strong></span> <span class='ocrx_word' id='word_1_232' title='bbox 1114 4130 1157 4199; x_wconf 82' lang='grc'>54.</span> 
     </span>
    </p>
   </div>
   <div class='ocr_carea' id='block_1_5' title="bbox 1194 4217 1211 4270">
    <p class='ocr_par' dir='ltr' id='par_1_6' title="bbox 1194 4217 1211 4270">
     <span class='ocr_line' id='line_1_31' title="bbox 1194 4217 1211 4270; baseline 0 0"><span class='ocrx_word' id='word_1_233' title='bbox 1194 4217 1211 4270; x_wconf 87' lang='grc'><strong>6</strong></span> 
     </span>
    </p>
   </div>
   <div class='ocr_carea' id='block_1_6' title="bbox 0 0 1499 5280">
    <p class='ocr_par' dir='ltr' id='par_1_7' title="bbox 0 0 1499 5280">
     <span class='ocr_line' id='line_1_32' title="bbox 0 0 1499 5280; baseline 0 0"><span class='ocrx_word' id='word_1_234' title='bbox 0 0 1499 5280; x_wconf 95' lang='lat' dir='ltr'> </span> 
     </span>
    </p>
   </div>
  </div>
 </body>
</html>
