2954 5084
635 533 839 580 -122-

179 706 235 754 res
252 701 338 768 erat,
355 701 388 753 et
405 705 487 752 cum
504 682 670 774 imperita
689 684 802 775 plebe.
821 683 919 773 Quid
934 684 1087 752 faceret?
1108 684 1149 751 In
1166 684 1305 752 carmi·

181 800 286 870 nibus
302 799 436 892 lyricis,
457 822 537 891 quae
559 801 708 890 quidem
728 800 763 868 in
782 801 931 869 deorum
949 801 1125 870 honorem
1143 801 1198 869 vel
1216 823 1303 870 mo·

178 940 261 987 rum
282 917 573 986 emendationem
599 917 734 1002 scribit,
759 916 854 1008 plebi
873 917 998 986 suadet
1014 934 1053 985 ut
1068 917 1112 986 ad
1129 918 1303 1009 antiquas

178 1033 383 1124 religiones,
412 1035 457 1102 ad
486 1033 601 1102 avitos
628 1055 747 1103 mores
774 1052 983 1118 revertatur,
1015 1055 1078 1103 nec
1108 1033 1303 1125 epicureus

179 1151 289 1219 stoice
306 1151 404 1241 loqui
421 1151 575 1219 dubitat.
594 1149 689 1220 Cum
707 1173 790 1219 vero
808 1150 993 1242 politiores
1007 1149 1084 1240 ejus
1101 1150 1215 1233 aetatis
1228 1146 1302 1219 viri

180 1289 249 1335 non
277 1266 300 1335 ii
322 1285 440 1335 essent
463 1266 526 1357 qui
551 1267 595 1335 ad
619 1266 771 1358 rigidam
790 1265 995 1337 Stoicorum
1020 1267 1197 1337 rationem
1219 1290 1303 1336 sese
1340 1315 1343 1318 <

178 1386 448 1474 componerent,
481 1382 552 1451 illis
582 1405 661 1477 eam
691 1383 904 1474 sapientiam
930 1384 1098 1474 proponit
1125 1405 1205 1473 quae
1234 1407 1302 1454 nec

177 1501 266 1569 adeo
281 1499 445 1590 epicurea
461 1518 514 1569 est
526 1508 573 1568 'ut
592 1499 732 1570 Stoicos
753 1500 921 1585 offendat,
939 1521 1003 1570 nec
1020 1502 1108 1569 adeo
1125 1500 1236 1570 stoica
1261 1519 1303 1570 ut

179 1616 378 1706 Epicureos
396 1617 583 1687 deterreat.
602 1617 702 1686 Nihil
720 1616 828 1685 nimis
846 1634 1043 1703 austerum,
1071 1616 1161 1685 nihil
1187 1617 1302 1686 nimis

178 1731 328 1820 fluxum,
360 1733 388 1800 si
422 1734 466 1802 ad
494 1732 609 1824 capita
638 1733 811 1803 doctrinae
847 1733 1029 1824 respicias,
1060 1755 1202 1824 prae-se
1231 1733 1302 1804 fert

70 1916 73 1922 .
179 1848 387 1937 hujusmodi
417 1850 659 1940 philosophia,
687 1872 768 1918 vere
794 1850 1033 1941 pugnantium
1060 1848 1300 1936 conciliatrix,

178 1966 326 2057 Epicuri
345 1967 490 2035 delicias
514 1967 684 2059 gravitate
710 1990 869 2051 romana,
890 1967 1047 2036 Zenonis
1070 1967 1303 2037 severitatem

144 2137 155 2143 .,
177 2072 520 2152 ειῐηεῦἰίἰϊὲιείἰῐῐειῖε
552 2101 772 2174 temperans.
809 2084 917 2152 Haud
948 2101 1080 2153 temere
1107 2106 1185 2153 eam
1211 2107 1301 2154 con·

177 2200 337 2268 tulerunt
379 2222 462 2268 cum
499 2224 538 2269 ea
575 2200 749 2291 sapientia
797 2222 877 2291 quae
918 2222 959 2268 ex
1002 2200 1133 2270 fabulis
1180 2202 1299 2270 nostri

178 2315 346 2385 Fontanii
372 2316 513 2402 emicat,
551 2316 722 2386 omnibus
759 2316 942 2407 parabilis,
981 2339 1051 2385 non
1091 2317 1138 2385 ita
1175 2335 1299 2386 tamen

177 2433 282 2501 certis
312 2433 458 2501 ·finibus
499 2434 767 2524 circumscripta
807 2450 847 2501 ut
894 2432 937 2502 ab
980 2432 1149 2502 omnibus
1193 2455 1300 2526 aeque

177 2547 434 2639 intellegatur:
461 2551 630 2640 legentes,
669 2572 734 2641 pro
768 2549 903 2640 ingenii
954 2568 1077 2618 natura
1109 2567 1142 2618 et
1172 2568 1298 2642 captu,

177 2664 354 2754 quidlibet
372 2689 412 2734 ex
429 2689 469 2734 ea
485 2665 628 2734 haurire
643 2683 808 2756 possunt,
826 2666 886 2735 alii
902 2666 1088 2750 excelsius
1100 2665 1159 2734 alii
1179 2666 1300 2734 humi-

176 2780 258 2850 lius.
279 2783 362 2851 Non
380 2783 477 2871 quod
492 2775 599 2850 latius
615 2805 654 2851 ea
677 2782 819 2851 Horatii
842 2804 923 2850 curn
949 2782 1127 2850 Fontanio
1147 2803 1298 2874 compa·

177 2897 266 2967 ratio
298 2915 435 2987 pateat3
460 2898 517 2968 hic
545 2896 642 2967 enim
667 2899 781 2989 magis
812 2920 913 2967 suam
946 2920 1055 2990 quam
1086 2899 1141 2967 sui
1171 2901 1297 2970 saeculi

177 3013 390 3104 sapientiam
413 3015 595 3106 proponit,
625 3013 683 3082 ille
709 3036 792 3083 vero
821 3037 923 3083 suam
941 3014 1188 3106 exprimenda,
1214 3038 1297 3106 per-

176 3128 409 3199 fectissimam
432 3153 582 3199 suorum
598 3148 804 3221 temporum
830 3131 1025 3222 imaginem
1050 3131 1295 3201 adumbravit.

221 3245 380 3315 Infelicia
396 3245 555 3337 profecto
574 3264 749 3337 tempora,
774 3269 854 3337 quae
887 3246 978 3315 ferre
1008 3264 1187 3338 nequeant
1222 3247 1294 3316 nisi

174 3361 370 3433 faciliorem
404 3362 686 3454 philosophiam,
717 3380 755 3432 ut
777 3364 891 3432 firmis
905 3363 1106 3453 principiis,
1129 3365 1176 3432 ita
1198 3381 1294 3433 certa

175 3478 359 3549 sanctione
381 3478 591 3548 destitutam
611 3484 618 3548 1
652 3479 964 3571 Quotiescumque
988 3501 1028 3547 ea
1051 3481 1295 3550 communiter

174 3595 270 3686 apud
297 3594 472 3685 populum
499 3593 658 3683 aliquem
685 3612 718 3663 et
749 3593 816 3662 coli
851 3611 885 3662 et
917 3594 1033 3684 vigere
1067 3596 1222 3680 videtur,
1254 3596 1291 3664 in

174 3727 344 3802 promptu
361 3725 414 3778 est
435 3709 603 3800 augurari
619 3711 753 3797 omnia,
774 3710 839 3780 etsi
868 3710 904 3778 in
933 3731 1089 3803 praesens
1112 3711 1289 3797 florentia,

173 3841 256 3895 mox
281 3826 317 3895 in
344 3825 486 3894 ruinam
503 3828 701 3917 collapsura
718 3850 724 3898 :
744 3829 797 3896 vel
821 3850 894 3917 quo
911 3827 1029 3895 verius
1056 3827 1186 3912 dicam,
1209 3827 1291 3896 talis

174 3940 348 4033 sapientia
366 3941 506 4032 primus
522 3962 575 4011 est
592 3943 734 4011 labendi
749 3944 904 4033 gradus,
922 3943 1073 4013 floribus
1100 3959 1207 4012 strata
1233 3942 1290 4013 via

173 4075 239 4143 est,
258 4058 320 4126 sed
341 4056 377 4126 in
400 4079 558 4154 praeceps
577 4060 700 4156 vergit.
1091 4058 1096 4065 ’
