2954 5084
689 511 891 578 -128—

233 673 314 720 rum
333 673 525 719 numerum
545 654 687 736 referre,
713 652 775 742 qui
799 652 943 743 proprio
960 651 1104 743 ingenio
1125 651 1286 722 invenire
1301 672 1352 738 et,

232 785 271 836 ut
286 767 334 835 ita
351 767 479 852 dicam,
498 790 515 835 e
533 768 680 858 proprio
701 790 794 858 penu
813 768 955 836 haurire
981 768 1123 858 possint
1142 770 1186 856 (1)
1203 771 1215 836 i

277 884 318 951 ld
339 900 457 951 tamen
473 906 544 951 non
562 885 609 952 ita
623 883 873 974 accipiendum
889 901 954 967 est,
966 884 1069 974 quasi
1087 905 1169 952 cum
1184 885 1227 953 iis
1246 885 1357 954 facia-

233 1021 326 1083 mus,
358 999 419 1088 qui
446 1001 746 1088 praetermodum
775 999 999 1068 horatianam
1024 1017 1136 1069 artem
1166 1001 1354 1085 admirati,

233 1132 424 1184 romanum
456 1132 598 1204 poetam
631 1114 766 1184 Graecis
800 1136 920 1207 parem
952 1115 1108 1202 judicare
1134 1108 1214 1183 ¹ausi
1252 1131 1353 1186 sunt.

235 1230 418 1298 Poeticam
447 1229 657 1298 Graecorum
687 1230 859 1299 virtutem
895 1227 966 1298 illis
1004 1230 1154 1306 fortasse
1186 1231 1355 1321 ignorare

233 1342 478 1436 licuit,qui‚in
491 1347 615 1436 graecis
630 1346 758 1415 litteris
771 1344 1356 1440 hospites,divinaillorumopera

235 1462 270 1530 in
288 1459 497 1531 vernaculos
514 1484 699 1530 sermones
715 1483 821 1553 prave
831 1462 1000 1531 translata
1014 1462 1199 1553 legebant3
1217 1485 1257 1531 ex
1278 1487 1355 1554 quo

233 1596 353 1646 autem
386 1579 430 1646 ad
453 1577 529 1670 ipsa
555 1577 831 1668 elegantissimae
858 1577 945 1646 artis
971 1576 1206 1663 monumenta
1230 1581 1362 1647 aditus·

234 1693 361 1784 patuit,
401 1694 563 1761 unanimi
592 1693 790 1783 peritorum
818 1693 951 1781 judicio
980 1694 1257 1784 comprobatum
1277 1710 1354 1782 est,

208 1816 271 1877 'ut
291 1810 519 1878 Parthenona
554 1809 769 1893 architectis,
799 1810 845 1878 ita
878 1809 1071 1900 lyricorum
1096 1833 1204 1902 opera
1235 1813 1356 1902 poetis·

234 1944 314 1995 ante
335 1929 457 1994 oculos
478 1927 673 2009 obversari,
697 1925 794 1995 velut
818 1926 1087 2016 perfectissimae
1112 1928 1356 2018 pulchritudi-

234 2043 290 2111 nis
306 2042 520 2133 exemplaria
540 2064 620 2132 quae
647 2065 796 2133 semper
816 2043 1053 2127 admirentur,
1068 2042 1249 2112 interdum
1273 2043 1357 2112 imi·

234 2176 368 2241 tentur,
404 2181 590 2248 nunquam
618 2160 819 2248 adaequen't.
839 2159 955 2248 Igitur
982 2157 1073 2227 inira
1103 2158 1247 2242 Graecos
1273 2183 1355 2228 eam

235 2276 356 2344 sedem
392 2292 509 2344 teneat
535 2275 723 2371 Horatius,
748 2297 857 2365 quam
892 2273 960 2342 sibi
995 2297 1067 2343 non
1096 2296 1201 2365 aequo
1228 2275 1356 2345 minus

234 2413 343 2480 quam
359 2390 512 2460 candido
526 2390 660 2478 judicio
675 2390 862 2477 affectavit,
884 2392 1077 2480 sedeatque

377 2550 538 2606 Proximus
552 2550 608 2620 hir,
625 2550 716 2623 longo
733 2550 784 2605 sed
800 2549 960 2623 proximus
976 2547 1160 2620 intervallo(
1181 2550 1200 2620 l.

281 2723 360 2790 Hoc
376 2720 443 2811 ipsi
462 2738 536 2790 erat
555 2720 591 2788 in
610 2720 715 2805 votis,
739 2743 823 2789 cum
843 2744 861 2788 a
898 2721 1093 2789 Maecenate
1129 2718 1228 2809 lyrici
1260 2719 1353 2787 vatis

235 2860 366 2906 nomen
384 2836 574 2928 flagitaret,
594 2836 654 2905 sed
671 2859 743 2904 non
762 2857 889 2925 parum
907 2835 1003 2904 laudi
1029 2834 1079 2903 illi
1106 2833 1225 2924 lyricae
1249 2834 1354 2902 defu-

234 2970 356 3022 turum
384 2953 570 3037 intellexit,
589 2952 656 3020 nisi
691 2970 788 3020 vates
820 2974 901 3020 vere
929 2972 1099 3019 romanus
1136 2969 1177 3046 et
1200 2967 1293 3018 esset
1319 2970 1354 3019 et

236 3069 436 3138 haberetur.
458 3068 635 3158 Quamvis
652 3069 763 3136 multa
778 3067 913 3144 Graecis
925 3066 1102 3149 debuerit,
1119 3084 1238 3135 tamen
1260 3063 1355 3134 affir-

233 3207 329 3254 mare
345 3186 461 3253 ausim
473 3207 674 3275 perpaucos
690 3183 867 3253 exstitisse
883 3201 1007 3274 poetas
1024 3204 1183 3272 quorum
1195 3181 1355 3250 carmina

234 3323 334 3391 aeque
350 3322 404 3370 res
423 3319 617 3392 praesentes
634 3300 875 3390 designarent.
895 3297 990 3371 Cum
1016 3298 1138 3366 animo
1160 3297 1351 3366 nobiscum

234 3435 441 3508 reputamus
460 3418 495 3485 in
520 3439 630 3507 parvo
647 3415 708 3484 illo
722 3416 924 3484 carminum
940 3414 1124 3483 volumine
1141 3437 1212 3481 non
1231 3414 1353 3482 minus

235 3532 346 3602 ltaliae
360 3555 471 3624 quam
487 3535 625 3617 Romae,
654 3553 797 3600 morum
823 3553 932 3621 quam
955 3533 1130 3614 locorum,
1149 3529 1279 3599 veteris
1298 3533 1351 3601 rei

270 3783 308 3853 (r)
330 3781 430 3836 liade
458 3778 601 3850 praeclaro
617 3778 786 3852 Anglorum
815 3791 905 3852 poeta
927 3777 1042 3852 judicat
1065 3778 1226 3834 Gorzorze
1243 3776 1356 3834 Milton

235 3869 307 3926 e'tait
321 3870 357 3925 de
382 3885 457 3924 ceux
481 3867 533 3941 qui
560 3867 678 3924 imitent
697 3868 800 3941 quand
817 3867 837 3923 il
864 3866 931 3923 leur
954 3866 1038 3939 plait,
1056 3883 1105 3922 car
1134 3865 1171 3920 ils
1199 3864 1356 3938 invement

235 3959 338 4032 quand
352 3957 388 4013 ils
405 3956 537 4026 veulent,
549 3970 578 4014 et
594 3956 631 4012 ils
646 3956 803 4013 invement
818 3953 915 4011 meme
931 3973 968 4012 en
980 3954 1099 4012 imitant
1115 3973 1143 4011 u.
1164 3954 1256 4025 (Hist.
1273 3954 1310 4010 de
1325 3954 1355 4010 la

235 4047 312 4104 civil.
329 4064 365 4104 en
381 4048 510 4110 France,
529 4046 574 4102 18e
589 4046 701 4124 lecon.)

271 4137 310 4207 (2)
330 4137 441 4207 Vana„
456 4137 543 4205 AEn.,
554 4154 583 4207 v,
597 4137 662 4192 320.
