2954 5084
640 481 819 573 —96-

174 626 217 693 de
241 648 277 694 re
305 625 587 716 disputationem
612 627 812 700 instituere.
840 628 961 697 Unum
994 628 1061 695 hoc
1088 626 1250 697 addam:
1271 626 1301 695 si

176 742 336 832 nequivit
348 744 647 835 pbilosophorum
661 744 835 833 sapientia
852 744 1027 834 populum
1039 767 1058 811 a
1072 743 1213 834 putidis
1227 745 1302 812 illis

176 858 491 949 superstitionibus
511 859 700 944 deterrere,
719 882 785 928 nos
811 858 1014 928 sublimiori
1040 860 1206 929 doctrina
1231 861 1301 929 im·

176 975 267 1058 buti,
286 976 390 1044 istius
405 976 590 1068 sapientiae
607 976 852 1045 infirmitatem
872 975 1122 1067 infelicemque
1141 977 1301 1045 istorum

176 1113 380 1183 temporum
398 1093 647 1162 condicionem
664 1092 824 1162 miserari
839 1093 959 1182 potius
978 1093 1167 1178 debemus,
1185 1117 1299 1183 quam

177 1231 292 1276 unum
323 1209 479 1300 aliquem
512 1209 715 1278 communis
744 1210 875 1291 erroris
900 1209 1110 1300 participem
1146 1209 1299 1301 perinde

177 1347 279 1393 reum
296 1325 408 1393 lacere
427 1347 465 1393 ac
482 1327 510 1394 si
533 1329 630 1394 solus
650 1345 813 1395 errasset.
843 1328 1082 1394 Adulantium
1107 1344 1182 1394 erat
1207 1346 1297 1394 tem·

177 1444 235 1532 pla
256 1441 415 1532 Principi
435 1440 641 1512 decernere:
660 1461 773 1532 poetae
791 1445 874 1511 vero
888 1445 962 1511 lraec
975 1444 1100 1510 saltem
1115 1442 1297 1510 excusatio

176 1576 297 1649 parata
314 1576 402 1642 erat,
419 1561 515 1649 quod
531 1559 645 1628 levius
662 1576 714 1629 est
732 1560 889 1628 carmine
905 1559 1050 1628 mentiri
1066 1582 1176 1648 quarn
1195 1582 1296 1628 sena·

177 1692 235 1744 tus
250 1676 399 1744 decretis
414 1677 472 1763 (r).

222 1792 314 1880 Quae
344 1814 425 1860 cum
446 1793 493 1860 ita
528 1793 612 1877 sint,
642 1792 790 1862 definire
821 1796 966 1862 tandem
996 1793 1088 1875 licet,
1117 1812 1295 1883 quatenus

180 1908 368 1993 Horatius,
388 1910 440 1977 vel
471 1931 553 1977 cutn
573 1913 779 2000 Augustum
807 1911 980 1996 laudaret,
1003 1909 1162 1978 indolem
1179 1933 1296 1978 roma-

178 2047 262 2104 nam
279 2026 483 2094 servaverit.
504 2026 553 2096 Ut
568 2026 665 2095 enim
683 2026 914 2111 Venusinum
931 2045 1074 2117 poetam
1096 2027 1190 2095 inter
1213 2027 1295 2094 obs-

178 2142 311 2211 tinatos
329 2141 409 2210 illos
426 2142 582 2233 antiquae
601 2142 773 2212 libertatis
791 2144 996 2212 defensores
1017 2165 1207 2212 numerare
1225 2167 1295 2211 non

178 2282 386 2350 possumus,
422 2260 482 2350 qui
523 2260 730 2350 paucissimi
773 2261 971 2329 admodum
1017 2277 1297 2345 numero‚.cum

178 2376 441 2467 praeteritarum
464 2399 583 2446 rerum
600 2376 794 2460 desiderio
822 2375 1056 2468 praesentium
1086 2377 1233 2445 fastidio
1264 2396 1297 2444 et

179 2517 240 2583 spe
262 2494 467 2578 meliorum,
490 2492 613 2582 procul
647 2493 691 2560 ab
718 2497 882 2583 Augusto
903 2483 1079 2577 vixerunt,
1099 2493 1146 2561 ita
1180 2515 1297 2584 neque

179 2609 271 2679 inter
295 2610 471 2679 bellorum
487 2608 648 2678 civilium
659 2610 860 2679 desultores
878 2611 939 2700 qui
964 2609 1040 2678 sine
1063 2608 1239 2700 dignitate
1265 2627 1299 2676 et

177 2727 314 2817 pudore
332 2727 452 2812 statim
469 2729 511 2795 ad
529 2751 642 2816 genua
674 2726 820 2795 victoris
837 2727 1119 2818 procubuerunt.
1140 2725 1211 2795 Sed
1226 2748 1296 2793 me·

178 2843 276 2911 diam
295 2844 490 2934 quamdam
512 2844 606 2912 inter
623 2843 850 2912 inimicitiam
870 2863 903 2913 et
918 2843 1178 2911 servitudinem
1202 2843 1298 2909 viam

180 2959 289 3027 inisse
308 2960 483 3028 dicendus
498 2977 563 3043 est,
583 2961 773 3051 sapienter,
792 2979 831 3029 ut
846 2960 913 3028 sibi
932 2960 1134 3043 videbatur,
1155 2982 1299 3049 exspec-

179 3093 258 3144 tans
275 3075 395 3166 quida
412 3077 572 3167 principe
590 3099 644 3145 res
664 3100 811 3146 romana
830 3099 971 3168 sperare
985 3094 1117 3168 posset.
1132 3077 1299 3144 Tandem

178 3191 374 3283 aliquando
391 3216 474 3263 cum
491 3194 615 3263 ceteris
645 3195 818 3285 cujusque
837 3194 975 3263 ordinis
1000 3193 1139 3261 civibus
1171 3215 1298 3281 passus

180 3327 232 3378 est
254 3332 290 3377 se
304 3327 508 3400 temporum
526 3310 726 3379 mutatione
746 3310 992 3401 principisque
1019 3332 1080 3377 seu
1106 3309 1299 3377 calliditate

181 3449 243 3494 seu
261 3426 355 3494 veris
374 3425 410 3492 in
428 3426 607 3495 civitatem
624 3427 805 3495 beneficiis
821 3427 1240 3506 domari.Verumta,men
1256 3448 1299 3493 ne

180 3558 266 3610 tunc
284 3542 432 3633 quidem
451 3565 492 3611 ex
508 3543 628 3612 innata
644 3543 806 3612 libertate
824 3544 1018 3634 quicquam
1031 3541 1183 3611 detraxit
1194 3562 1203 3626 ;
1223 3546 1301 3611 Au-

180 3677 285 3750 gusto
302 3658 454 3727 libenter
470 3659 632 3742 adhaesit,
646 3683 717 3729 non
735 3684 771 3729 se
788 3661 949 3729 venalem
968 3659 1077 3728 dedit.
1095 3658 1132 3728 Si
1151 3658 1299 3748 quidem

181 3775 221 3844 in
249 3776 433 3844 laudando
461 3776 621 3869 principe
646 3777 780 3846 nimius
808 3774 1300 3866 interdumapparet,memi-

219 4042 259 4113 (ι)
280 4040 328 4097 Cf.
346 4041 382 4097 G.
398 4042 546 4112 Borssrra,
568 4041 596 4097 la
616 4039 755 4119 Religion
775 4039 919 4109 romaine,
935 4051 955 4096 t.
975 4039 997 4108 l,
1018 4055 1044 4092 c.
1060 4054 1095 4092 2:
1116 4035 1302 4112 l'Apotlte'ose

183 4129 352 4206 impe'rt'ale.
