2970 5280
676 480 864 548 ..85-

208 617 363 686 Pollioni
385 619 593 688 inscribitur
618 623 675 710 (1),
695 622 756 689 sed
778 620 814 688 in
837 643 877 690 eo
894 621 1001 690 etiam
1020 645 1090 713 quo
1125 626 1329 716 Augustus,
1418 675 1423 685 ·

206 735 302 801 velut
316 735 418 804 heres
435 736 602 821 Caesaris,
621 738 801 805 secundus
818 762 836 806 a
851 740 952 823 Jove,
971 745 1097 808 orbem
1114 742 1329 831 regeredici·

138 830 157 848 '⁸
202 866 264 930 ,tur
278 853 338 939 (2).
363 853 613 944 Hisexemplis
627 853 776 922 efficitur
799 874 837 922 ut
853 857 977 944 procul
994 856 1105 924 dubio
1126 880 1328 928 asseverare

206 967 386 1059 possimus
423 971 589 1038 Flaccum
623 988 721 1061 grata
757 993 906 1062 semper*
937 972 1111 1042 memoria
1153 974 1328 1043 libertatis

202 1084 409 1154 defensores
444 1105 676 1175 prosecutum
693 1111 783 1171 esse,
800 1089 933 1157 nedum
950 1111 1111 1180 unquam
1125 1092 1325 1160 recentium

202 1202 401 1271 amicorum
418 1210 530 1294 gratia
564 1222 701 1272 veteres
732 1227 812 1272 curn
839 1205 1021 1274 Brutianis
1043 1206 1325 1278 necessitudines

115 1314 127 1383 ss
202 1318 487 1389 dissimulaverit
504 1321 548 1410 (3)

250 1437 409 1504 Fuerunt
427 1454 546 1506 tamen
565 1438 657 1507 inter
672 1458 829 1508 recentes
840 1439 1105 1529 qui‚veteribus
1121 1441 1323 1509 scholiastis

200 1551 382 1621 incautius
414 1556 612 1639 credentes,
636 1555 873 1646 praedicarent
894 1555 995 1624 Bruti
1021 1556 1320 1642 commilitonem,

200 1669 359 1738 aulicum
374 1671 521 1752 lactum,
544 1672 704 1762 pessimo
729 1672 934 1740 assentandi
962 1695 1106 1763 genere,
1131 1673 1318 1743 Octaviani

200 1784 369 1854 inimicos
400 1790 471 1855 noti
505 1791 613 1856 semel
646 1789 718 1857 sale
749 1789 988 1878 perfricuisse.
1023 1787 1083 1859 Sic
1100 1791 1318 1876 Labeonem,

200 1885 417 1994 incorruptae
437 1903 611 1972 libertatis
629 1904 745 1973 virum
767 1906 823 1993 (4),
849 1905 909 1995 qui
931 1928 974 1974 ne
990 1907 1156 1996 Augusto
1173 1907 1320 1997 quidem

200 2019 326 2088 cedere
345 2021 517 2089 sustinuit
540 2023 601 2109 (5),
620 2020 893 2090 insanissimum
908 2021 1001 2090 inter
1019 2045 1126 2091 sanos
1142 2041 1243 2091 vocat
1254 2025 1317 2111 (6);

199 2134 251 2203 sic
285 2123 392 2204 etiam
424 2138 458 2204 in
501 2137 669 2206 Cassium
700 2137 886 2222 Severum,
913 2138 1093 2207 dictorum
1130 2139 1319 2208 acerbitate

197 2251 489 2344 scriptorumque
519 2253 733 2343 procacitate
762 2271 901 2337 notum,
918 2254 1137 2348 archilochio
1160 2255 1318 2326 carmine

197 2368 382 2437 invehitur
398 2372 455 2459 (7).
484 2369 553 2441 Sed
580 2389 770 2460 utramque
787 2371 886 2439 litem
904 2371 996 2439 docti
1014 2370 1079 2439 viri
1095 2371 1143 2439 ita
1164 2371 1317 2441 direme-

196 2501 284 2552 runt
302 2501 342 2552 ut
374 2486 463 2554 nihil
496 2486 579 2554 inde
608 2486 815 2555 detrimenti
835 2486 977 2555 Horatii
1006 2488 1182 2556 memoria
1207 2489 1318 2579 patia-

195 2619 258 2670 tur
274 2602 330 2690 (8).
351 2604 460 2692 Quod
489 2604 533 2671 ad
560 2602 702 2671 Laberii
736 2603 867 2671 mimos
894 2603 1047 2694 pertinet
1070 2603 1129 2694 (9),
1158 2605 1316 2673 nominis

195 2741 325 2808 parum
342 2720 437 2809 apud
456 2719 654 2809 principem
674 2718 946 2808 gratiosi‚facile
960 2721 1196 2788 concesserim
1215 2721 1316 2810 justae

193 2835 398 2904 severitatis
415 2838 564 2904 modum
578 2836 612 2903 in
631 2836 675 2903 iis
694 2836 895 2923 judicandis
913 2854 1056 2926 poetam
1073 2836 1212 2927 egredi;
1229 2839 1316 2928 quid

231 3039 276 3111 (1)
295 3039 448 3105 Carm.11‚
469 3059 492 3106 1,
508 3041 553 3096 23.

230 3136 275 3198 (2)
296 3130 405 3187 Carm.
429 3147 452 3194 ι,
469 3148 512 3196 12,
530 3130 574 3186 35.

230 3219 269 3289 13)
289 3219 416 3289 Wanrz,
446 3236 492 3292 op.
508 3236 544 3289 c.‚
560 3237 588 3292 p.
612 3237 638 3274 2.
658 3241 669 3270 a
687 3218 767 3274 C’est
782 3236 824 3274 un
840 3220 990 3292 spectacla
1014 3221 1138 3277 curieux
1158 3239 1216 3295 que
1237 3236 1314 3280 cette

186 3307 378 3365 couversion
398 3308 478 3364 lente
493 3307 564 3364 d’un
580 3304 713 3364 honnete
730 3308 862 3379 homme,
880 3310 981 3382 quine
998 3309 1039 3365 lui
1055 3311 1145 3366 cofite
1154 3329 1208 3384 pas
1222 3310 1248 3367 le
1264 3330 1314 3367 sa-

186 3396 304 3455 crifice-
314 3398 423 3454 deson
438 3397 678 3470 independance,
695 3410 725 3454 et
744 3397 796 3471 qui
816 3416 853 3455 ne
877 3413 962 3472 porte
978 3416 1096 3456 aucune
1112 3400 1236 3456 atteinte
1255 3419 1312 3458 aux

184 3486 352 3544 affections
366 3499 394 3545 et
411 3506 468 3543 aux
485 3487 644 3543 souvenirs
660 3487 846 3544 d’auttefois.
869 3511 882 3541 l)

226 3577 270 3649 (4)
286 3577 373 3647 Tac„
387 3577 467 3634 Ann.
483 3596 525 3642 111,
537 3578 583 3649 75.

227 3668 265 3738 (5)
288 3667 357 3724 D10.
380 3667 476 3736 Cass,
490 3683 551 3730 mv,
569 3667 611 3723 15.
684 3684 686 3688 ·

225 3757 267 3827 (6)
288 3758 353 3813 Sat.
371 3775 396 3826 1,
414 3757 440 3827 3,
452 3757 499 3812 82.

226 3848 272 3919 (7)
293 3846 388 3919 Epod,
407 3847 434 3901 6.

224 3936 268 4006 (8)
286 3934 333 3990 Cf.
357 3936 469 4004 Estne,
485 3936 565 3990 Hor.
589 3951 780 4012 prosopogr.‚
803 3955 830 4008 p.
861 3937 912 4010 187
928 3950 955 3993 et
975 3955 1041 4012 179·
1060 3971 1095 3979 -
1120 3937 1248 4009 Onnum,
1274 3939 1311 3996 ad

175 4029 201 4083 l.
228 4043 255 4080 c.
531 4048 533 4052 ·

222 4115 267 4191 (9)
285 4115 350 4169 Sat.
366 4131 385 4185 1,
407 4132 450 4178 10,
471 4115 497 4173 6.
