2970 5280
586 515 790 562 -121—

129 634 401 729 philosophari,
420 636 565 725 quando
590 636 738 726 quidem
767 659 883 727 neque
908 638 1035 707 ratioa
1059 639 1255 728 majoribus

140 745 175 816 in
199 749 459 840 philosophicis
482 752 588 820 rebus
614 752 775 821 adhibita
809 753 990 844 respuitur
1020 778 1135 846 neque
1164 779 1254 846 prae·

139 865 297 933 sentium
312 883 518 958 temporum
536 867 765 937 necessitates
781 869 1010 938 omittuntur.

181 983 451 1067 Verumtamen,
479 1001 671 1073 postquam
701 984 928 1075 propositum
952 1004 1138 1055 assecutus
1165 988 1254 1056 mihi

139 1095 273 1181 videor,
302 1098 423 1166 missis
447 1100 674 1191 ambagibus,
691 1100 827 1169 fatebor
843 1101 971 1170 timore
994 1125 1050 1170 me
1071 1104 1183 1172 teneri
1212 1127 1255 1172 ne

138 1212 349 1301 injuriosius
377 1237 458 1282 cum
490 1233 593 1305 poeta
626 1217 771 1305 egerim,
806 1216 893 1285 dum
926 1217 1184 1310 philosophum
1211 1220 1255 1288 ad

138 1329 294 1397 calculos
315 1352 492 1399 vocarem.
520 1331 715 1401 Confitenti
741 1333 843 1400 venia
872 1334 1029 1419 dabitur,
1057 1338 1255 1425 praesertim

138 1429 221 1513 cum
241 1446 419 1535 ejusmodi
445 1447 646 1538 periculum
675 1448 782 1517 fuerit
806 1451 904 1539 quod
934 1450 1074 1520 facilius
1095 1474 1256 1521 cerneres

139 1583 248 1650 quam
262 1563 404 1632 vitares.
420 1565 503 1633 Non
518 1562 712 1632 obliviscor
724 1565 931 1650 Horatium,
944 1588 1043 1634 more
1055 1585 1255 1658 poetarum,

140 1677 261 1768 potius
273 1678 575 1770 philosophorum
588 1681 783 1748 sententias
794 1682 1015 1750 carminibus
1031 1684 1255 1774 inspersisse,

139 1817 250 1885 quam
271 1813 504 1885 pertractasse
522 1796 790 1888 philosophiam
811 1799 847 1866 in
870 1800 990 1868 abdita
1014 1823 1134 1869 rerum
1156 1802 1257 1869 aber-

140 1929 290 1979 rantem.
312 1914 429 1981 Nemo
447 1929 550 2002 poeta
569 1913 684 2002 magis
698 1913 937 2005 philosophus
954 1914 1101 2003 exstitit,
1118 1939 1258 2007 semper

138 2046 257 2096 tamen
277 2046 393 2118 poeta.
415 2030 492 2097 Hac
510 2030 716 2119 exceptione
735 2052 816 2097 cum
835 2031 895 2098 illo
915 2032 1095 2121 agendum
1113 2032 1193 2116 suit,
1215 2057 1257 2108 ne

138 2143 338 2212 severiores
369 2167 544 2225 essemus,
584 2167 678 2230 cum,
717 2146 937 2214 carminibus
977 2148 1012 2215 in
1049 2130 1259 2217 universum

138 2260 319 2350 spectatis,
343 2277 435 2329 esset
456 2261 553 2350 quod
571 2260 795 2351 diligentiam
811 2278 845 2330 et
861 2265 1099 2333 constantiam
1118 2266 1258 2334 deside·

138 2397 314 2444 raremus.
1111 2464 1115 2470 ἢ

186 2491 370 2581 Quicquid
398 2491 486 2561 illud
508 2512 573 2578 est,
597 2494 672 2562 fieri
696 2495 834 2584 nequit,
868 2494 956 2586 quin
985 2512 1060 2564 toto
1086 2497 1122 2565 in
1151 2516 1258 2588 opere

141 2607 284 2676 Horatii
315 2608 582 2698 philosophiam
616 2610 774 2700 aliquam
805 2634 1055 2702 agnoscamus,
1093 2636 1185 2703 qua,
1223 2633 1259 2683 ut

137 2741 254 2815 poetae
279 2724 452 2807 indolem,
479 2725 527 2793 ita
548 2742 730 2816 augusteae
750 2726 864 2795 aetatis
882 2727 1133 2796 condicionem
1149 2729 1258 2798 veris-

137 2841 229 2908 sime
252 2857 299 2923 et,
317 2857 355 2907 ut
372 2841 486 2924 aiunt,
508 2840 551 2908 ad
568 2841 691 2910 vivum
707 2843 823 2911 refert.
848 2842 1030 2911 Medicum
1048 2844 1144 2913 dicas
1161 2845 1221 2937 qui
1241 2870 1258 2913 e

137 2954 344 3024 lectissimis
356 2955 507 3024 fioribus
521 2957 801 3047 compositiones
817 2957 951 3041 lecerit,
965 2982 1055 3049 quas
1067 2959 1134 3028 sibi
1153 2961 1258 3030 utiles

137 3092 319 3163 expertus,
341 3073 466 3142 amicis
488 3076 639 3144 fidenter
658 3075 841 3145 obtulerit.
868 3075 935 3142 Vix
959 3067 1170 3166 praesentior
1185 3099 1259 3144 me-

136 3189 270 3272 dicina,
297 3206 336 3258 ut
363 3191 434 3258 illis
460 3191 699 3283 temporibus,
725 3191 839 3281 parari
865 3191 994 3281 potuit.
1025 3191 1133 3280 Quod
1162 3193 1258 3261 enim

137 3306 234 3396 apud
258 3305 439 3396 principes
467 3307 612 3376 illorum
638 3325 843 3398 temporum
869 3306 964 3374 viros
986 3306 1113 3376 litteris
1134 3309 1259 3399 graecis

137 3422 298 3491 excultos
318 3421 549 3514 philosophia
569 3423 743 3509 effecerat,
765 3441 804 3492 ut
827 3421 961 3494 scilicet
983 3424 1101 3491 omnis
1120 3423 1154 3491 in
1173 3418 1259 3493 deos

138 3535 228 3604 fides
256 3536 447 3622 labefieret,
475 3536 572 3606 idem
595 3539 690 3628 apud
714 3536 857 3629 plebem
881 3536 1000 3605 civilia
1029 3537 1150 3606 bella:
1177 3560 1258 3606 cum

137 3651 260 3721 omnia
272 3651 366 3720 odiis
381 3669 414 3721 et
431 3653 604 3745 sanguine
616 3654 759 3723 misceri
775 3654 951 3736 viderent,
964 3653 1085 3721 omnia
1102 3653 1259 3723 humana

138 3786 174 3837 et
190 3767 311 3836 divina
329 3768 404 3859 pari
422 3785 631 3860 contemptu
650 3769 787 3855 haberi,
806 3771 990 3861 quomodo
1013 3769 1088 3837 fieri
1108 3788 1258 3860 poterat,

139 3901 181 3954 ut
210 3884 421 3976 jampridem
454 3885 631 3953 infirmior
661 3907 743 3977 erga
769 3886 856 3954 deos
887 3886 999 3976 pietas
1029 3903 1062 3953 et
1090 3886 1215 3978 religio
1242 3910 1259 3954 e

139 4000 296 4092 publicis
318 4000 433 4069 ruinis
450 4003 670 4093 emergeret?
695 4000 843 4072 Sublata
869 4001 951 4085 fide,
974 4024 1092 4071 mores
1114 4002 1259 4094 pariter,

141 4132 182 4185 ut
206 4116 306 4203 solet,
336 4117 372 4185 in
396 4117 497 4207 pejus
514 4116 687 4186 abierant.
709 4116 804 4188 Cum
821 4116 985 4186 litteratis
1001 4117 1087 4187 viris
1107 4119 1260 4190 Horatio
