2970 5280
648 563 691 575 .-
717 526 761 616 75
786 564 829 575 -

179 642 273 712 Cum
291 642 364 725 alii,
385 658 466 733 post
494 640 767 732 Philippensem
801 641 951 725 cladem,
979 638 1178 709 victoribus
1204 643 1303 710 ultro

179 781 215 826 se
232 758 429 841 dedissent,
448 758 506 826 alii
537 758 580 826 ad
607 756 644 828 S.
667 756 882 847 Pompeium
908 756 941 824 in
968 755 1142 842 Siciliam,
1159 757 1303 825 bellurn

156 892 158 897 ’
182 875 419 965 persecuturi,
437 874 650 943 transissent
667 875 723 960 (r),
740 872 929 956 Horatius,
947 872 1007 963 qui
1027 873 1162 942 ultimae
1180 897 1303 942 neces-

178 990 272 1059 sitati
291 992 492 1058 cedendum
509 991 741 1080 intellegeret,
757 989 918 1057 medium
935 989 1119 1078 quoddam
1145 989 1215 1058 iter
1236 991 1302 1060 de·

178 1106 355 1176 ditionem
382 1108 474 1175 inter
504 1124 537 1175 et
556 1106 836 1175 obstinationem
852 1107 1157 1188 tenens,R0mam
1171 1104 1303 1190 rediit3

177 1223 291 1313 eoque
321 1223 413 1292 facto
444 1224 615 1307 ostendit,
635 1223 664 1290 si
696 1245 859 1313 unquam
884 1222 920 1290 in
957 1221 1143 1292 Octaviani
1178 1241 1304 1320 partes

177 1341 399 1422 concederet,
426 1362 497 1407 non
534 1344 609 1407 sine
650 1340 822 1430 dignitate
866 1338 1088 1407 deditionem
1122 1339 1301 1407 futuram.

177 1457 298 1525 Armis
314 1455 453 1548 positis,
473 1456 668 1525 lactionum
685 1456 834 1525 insaniae
847 1455 1027 1539 valedixit,
1046 1455 1131 1523 etin
1149 1454 1183 1522 id
1200 1472 1304 1523 totus

177 1572 352 1656 incubuit,
374 1590 412 1641 ut
428 1572 580 1664 patriam
598 1597 617 1641 a
645 1571 811 1641 civilibus
839 1571 941 1640 bellis
961 1588 1137 1640 avocaret.
1155 1572 1303 1641 Tamen

178 1689 262 1778 quia
285 1688 480 1779 aliquando
505 1688 650 1756 tandem
674 1687 828 1758 Caesaris
852 1687 1047 1778 imperium
1075 1686 1305 1755 carminibus

177 1804 316 1887 cecinit,
333 1804 458 1872 ansam
485 1805 529 1873 ad
560 1805 896 1894 reprehendendum
928 1805 1012 1871 dare
1030 1804 1129 1872 visus
1148 1820 1216 1872 est.
1251 1805 1305 1874 Ut

177 1921 404 2012 intellegatur
437 1921 512 2010 jure
542 1944 584 1988 an
614 1919 744 2008 iniuria
777 1943 879 1988 suam
912 1920 1064 1988 Horatio
1109 1921 1304 1988 sententiae

176 2039 498 2106 commutationem
514 2037 654 2105 crimini
674 2037 855 2117 verterint,
872 2037 907 2104 in
923 2036 1135 2105 memoriam
1155 2058 1306 2105 revoce-

11 2139 18 2151 ’
105 2190 107 2194 ·
177 2171 412 2244 musoportet
425 2176 496 2244 quo
514 2153 778 2244 primumanno
795 2151 983 2222 Octaviani
1003 2152 1305 2248 ppartibusadhae-

178 2269 276 2354 serit,
306 2292 487 2361 quemque
504 2271 654 2344 modum
671 2268 844 2360 principis
862 2269 1030 2337 laudibus
1050 2268 1230 2337 statuerit.

222 2388 349 2455 Fateor
379 2386 561 2476 equidem,
588 2386 615 2452 si
648 2385 768 2453 statim
794 2402 876 2475 post
907 2387 1061 2453 Brutum
1095 2403 1303 2469 mortuum,

176 2501 306 2569 Valerii
336 2502 514 2584 Messalae,
544 2500 629 2568 AElii
664 2499 797 2567 Lamiae
824 2517 857 2567 et
880 2501 1034 2566 aliorum
1059 2500 1240 2590 exemplo,
1256 2501 1303 2568 ad

176 2617 348 2685 victorem
381 2616 653 2700 defecisset,vix
681 2638 763 2685 eum
796 2616 1004 2685 habiturum
1031 2639 1102 2705 quo
1139 2615 1304 2686 levitatis

177 2734 229 2801 vel
246 2732 462 2823 proditionis
491 2731 624 2800 crimen
640 2733 877 2822 propulsaret.
901 2730 970 2802 Sed
991 2754 1202 2821 quanquam
1222 2754 1304 2801 ma·

176 2871 235 2917 cro
253 2846 368 2939 agello
386 2848 561 2938 spoliatus
575 2870 685 2915 unam
702 2847 899 2933 reficiendae
918 2846 1070 2916 fortunae
1087 2847 1183 2914 viam
1224 2871 1304 2917 cer-

176 2964 296 3047 nebat,
315 2964 344 3031 si
361 2964 396 3031 in
412 2964 574 3033 virorum
594 2963 796 3055 potentium
812 2963 1009 3032 amicitiam
1024 2987 1061 3031 se
1080 2963 1300 3050 insinuaret,

176 3079 301 3148 maluit
319 3079 386 3147 sibi
405 3079 651 3170 potentiorum
670 3079 910 3169 patrocinium
938 3080 1170 3171 praecludere,
1187 3103 1303 3170 quam

176 3195 389 3266 Caesarianis
404 3196 590 3265 assentari.
613 3194 708 3266 Cum
725 3196 821 3264 enim
850 3218 976 3264 omnes
998 3195 1178 3265 bellorum
1211 3197 1301 3266 civi-

175 3312 264 3381 lium
273 3313 429 3381 fautores
440 3313 515 3402 pari
525 3313 609 3381 odio
625 3312 916 3403 persequebatur,
928 3330 1005 3380 tum
1021 3311 1213 3403 praecipue,
1224 3315 1301 3404 pri-

176 3428 243 3496 mis
263 3429 388 3497 saltem
405 3428 510 3497 annis
524 3448 715 3519 postquam
730 3430 884 3497 Romam
899 3427 1066 3512 redierat,
1081 3427 1296 3518 Tigellium,

175 3543 437 3634 Cupiennium,
459 3544 756 3635 Sallustiumque,
779 3547 913 3615 scilicet
931 3546 1117 3618 Octaviani
1144 3546 1296 3633 amicos,

175 3659 318 3728 satirico
348 3661 505 3729 carmine
531 3662 754 3754 discerpebat
783 3665 835 3750 (a).
867 3663 965 3752 Quin
995 3664 1121 3748 immo,
1146 3663 1175 3730 si
1208 3664 1297 3733 fides

175 3776 355 3844 veteribus
370 3778 579 3846 scholiastis
599 3778 762 3847 habenda
783 3797 848 3863 est,
869 3802 911 3848 ne
932 3779 1119 3849 Maecenati
1145 3779 1296 3869 quidem

211 4055 247 4124 (ι)
269 4054 336 4108 Dro.
356 4053 560 4127 Csss.,xnvr1,
582 4057 688 4130 18·19;
705 4057 741 4112 cl.
757 4058 856 4116 Vens.
874 4076 904 4126 11,
921 4078 954 4131 71
970 4078 977 4130 ;
995 4058 1099 4116 Carm.
1117 4078 1147 4125 11,
1164 4079 1193 4134 7,

210 4145 251 4215 (2)
270 4145 335 4200 Sat.
354 4163 379 4215 1,
394 4162 419 4200 2.
