2970 5280
648 476 828 565 ..46-

184 644 260 690 rem
292 623 657 715 magnificentissimis
687 600 838 711 aedibus,
870 626 996 694 Romae
1028 624 1224 693 invaluisse
1254 623 1308 691 vi-

184 738 387 827 denturlrl.

227 855 362 923 Parum
379 872 431 924 est
448 878 539 944 quos
564 857 740 925 coluerint
764 858 850 925 deos
876 855 1031 925 Romani
1056 854 1214 935 novisse,
1234 853 1307 922 nisi

181 969 326 1059 penitus
340 970 567 1061 introspicias
586 995 660 1062 quo
680 973 802 1042 animo
819 972 855 1041 in
871 973 915 1040 iis
932 971 1091 1040 colendis
1109 992 1145 1038 se
1168 970 1306 1038 habue-

182 1085 286 1154 rint:
311 1085 413 1175 cujus
438 1086 487 1155 rei
514 1087 720 1157 testimonia
751 1089 846 1157 haud
876 1089 1138 1157 contemnenda
1167 1086 1307 1176 praebet

184 1202 371 1271 Horatius.
389 1203 434 1271 Et
452 1225 535 1273 vero
551 1227 733 1275 summam
753 1205 859 1274 istius
877 1203 1061 1297 religionis
1079 1204 1114 1272 in
1132 1203 1305 1271 minutis-

184 1318 286 1386 simis
300 1335 335 1386 et
350 1319 630 1388 intricatissimis
645 1321 776 1390 ritibus
791 1321 987 1390 consistere
998 1341 1081 1388 cum
1094 1343 1136 1388 ex
1147 1319 1307 1386 aliorum

182 1434 324 1524 scriptis
340 1454 419 1503 tum
436 1458 476 1504 ex
494 1438 608 1506 nostri
627 1438 849 1506 carminibus
867 1436 1064 1521 discimus,
1082 1434 1305 1525 quibusdam

181 1549 278 1618 enim
296 1549 332 1618 in
352 1551 438 1619 locis
456 1575 527 1620 non
546 1555 656 1622 modo
669 1554 883 1622 sollemnem
904 1553 999 1643 apud
1016 1552 1200 1620 Romanos
1222 1573 1305 1640 pre·

180 1667 283 1735 candi
310 1689 462 1752 morem,
490 1670 551 1737 sed
578 1694 637 1738 eas
669 1692 814 1760 quoque
842 1669 1006 1738 victimas
1044 1668 1176 1758 quibus
1211 1667 1303 1734 deus

180 1783 334 1873 quisque
353 1807 393 1852 ex
410 1784 589 1853 Pontificii
615 1785 702 1873 iuris
723 1786 875 1854 decretis
894 1785 1067 1853 colendus
1089 1799 1142 1851 est
1165 1781 1302 1851 indicat
1390 1827 1398 1837 ·

181 1917 301 1990 poeta.
332 1901 459 1990 Neque
482 1901 675 1970 committit
694 1919 733 1970 ut
752 1902 890 1971 Urbem
914 1901 1097 1991 auspicato
1116 1899 1300 1968 conditam

179 2015 301 2084 omnia
332 2016 415 2084 belli
445 2018 616 2107 domique
645 2039 818 2108 prospera
855 2040 897 2084 ex
932 2015 1101 2107 auspiciis
1133 2013 1300 2104 religiose

181 2131 379 2200 observatis
407 2150 526 2201 tenere
556 2132 811 2218 obliviscatur,
839 2155 933 2201 nunc
960 2133 1057 2199 enim
1085 2129 1300 2221 profecturis

181 2247 320 2331 amicis,
333 2247 505 2336 providus
519 2271 665 2338 auspex,
681 2248 795 2317 fausta
810 2251 930 2316 omina
948 2265 1112 2338 precatur
1124 2248 1190 2334 (ῆς
1204 2267 1300 2312 nunc

180 2363 260 2433 ideo
275 2364 473 2431 Monaesem
488 2381 521 2432 et
535 2366 714 2433 Pacorum
732 2367 979 2433 Romanorum
998 2364 1155 2453 impetus
1171 2380 1298 2429 contu-

179 2481 275 2548 disse
307 2479 470 2563 affirmat,
506 2481 603 2570 quod
644 2480 865 2572 inauspicato
905 2499 939 2548 et
978 2496 1106 2570 praeter
1146 2479 1299 2546 deorum

179 2597 402 2664 voluntatem
417 2596 572 2664 Romani
592 2596 682 2664 bella
697 2598 876 2665 moverint
889 2598 945 2684 (3).
961 2596 1015 2663 lbi
1031 2595 1299 2662 animadvertas

179 2712 260 2779 licet
278 2733 358 2779 vere
379 2733 586 2801 germanam
613 2734 771 2781 romanae
800 2712 985 2802 religionis
1011 2729 1188 2794 naturam,
1216 2732 1299 2799 quae

179 2846 253 2896 tarn
270 2828 366 2895 brevi
385 2827 542 2895 confinio
561 2830 856 2918 superstitionem
880 2828 1089 2918 attingebat,
1114 2845 1153 2894 ut
1172 2826 1301 2894 eadem

179 2945 237 3012 illa
266 2942 449 3034 religionis
474 2965 558 3012 voce
584 2967 655 3012 non
680 2945 907 3034 probandum
933 2946 1041 3012 modo
1067 2944 1205 3011 cultum
1234 2943 1300 3009 sed

177 3064 294 3131 cultus
332 3061 440 3130 etiam
474 3064 619 3130 stultam
655 3061 993 3130 immoderationem
1028 3058 1095 3127 soli
1129 3057 1300 3125 omnium

177 3179 373 3269 signarent.
401 3179 527 3268 Neque
551 3178 741 3267 objiciatur
762 3178 995 3246 notissimum
1021 3175 1110 3243 illud
1136 3196 1297 3259 carmen,

72 3300 74 3305 '
176 3319 249 3384 quo
275 3295 444 3364 rusticam
467 3295 658 3385 Phidylen,
682 3293 931 3384 superstitiose
954 3295 996 3361 de
1016 3294 1196 3361 donorum
1222 3293 1298 3360 exi·

176 3411 309 3501 guitate
339 3411 542 3494 sollicitam,
575 3411 753 3501 sapienter
777 3428 899 3478 monet
925 3411 1011 3478 deos
1036 3411 1159 3476 minus
1188 3408 1297 3477 lautis

177 3526 358 3596 sacrificiis
371 3527 439 3595 coli
456 3549 565 3617 quam
582 3549 673 3617 puro
694 3525 924 3595 sacrificantis
944 3524 1064 3593 animo
1083 3548 1090 3593 :
1143 3509 1145 3512 ’

210 3844 248 3913 (1)
268 3843 374 3899 Carm.
389 3861 431 3908 111,
445 3843 491 3914 28,
507 3840 586 3909 13cl.
599 3843 753 3909 Parnm,
770 3838 826 3894 Les
841 3838 946 3893 Dieux
960 3838 996 3893 de
1012 3836 1173 3893 l'ancr'enne
1187 3838 1290 3901 Rome,

173 3950 201 4006 p·
222 3932 287 4004 347·

210 4024 248 4092 (a)
270 4021 434 4086 Carm.1n,
453 4039 498 4093 27,
515 4021 542 4076 8.

209 4111 246 4180 (3)
268 4110 478 4178 Curm.1n,6‚
501 4128 542 4165 10.
