<?xml version="1.0" encoding="UTF-8"?>
<!DOCTYPE html PUBLIC "-//W3C//DTD XHTML 1.0 Transitional//EN"
    "http://www.w3.org/TR/xhtml1/DTD/xhtml1-transitional.dtd">
<html xmlns="http://www.w3.org/1999/xhtml" xml:lang="en" lang="en">
 <head>
  <title>
</title>
<meta http-equiv="Content-Type" content="text/html;charset=utf-8" />
  <meta name='ocr-system' content='tesseract 3.04.00' />
  <meta name='ocr-capabilities' content='ocr_page ocr_carea ocr_par ocr_line ocrx_word'/>
</head>
<body>
  <div class='ocr_page' id='page_1' title='image "./quidvereromanum00devagoog_0078.png"; bbox 0 0 2970 5280; ppageno 0'>
   <div class='ocr_carea' id='block_1_1' title="bbox 127 545 1248 1010">
    <p class='ocr_par' dir='ltr' id='par_1_1' title="bbox 127 545 1248 1010">
     <span class='ocr_line' id='line_1_1' title="bbox 599 545 778 634; baseline -0.011 -39"><span class='ocrx_word' id='word_1_1' title='bbox 599 581 641 595; x_wconf 85' lang='grc'>..</span> <span class='ocrx_word' id='word_1_2' title='bbox 666 545 711 634; x_wconf 74' lang='lat'>59</span> <span class='ocrx_word' id='word_1_3' title='bbox 737 581 778 593; x_wconf 93' lang='lat'>...</span> 
     </span>
     <span class='ocr_line' id='line_1_2' title="bbox 132 685 1248 777; baseline 0.004 -23"><span class='ocrx_word' id='word_1_4' title='bbox 132 687 266 777; x_wconf 86' lang='lat' dir='ltr'>primas</span> <span class='ocrx_word' id='word_1_5' title='bbox 288 688 415 757; x_wconf 82' lang='lat' dir='ltr'>Flacco</span> <span class='ocrx_word' id='word_1_6' title='bbox 438 687 586 756; x_wconf 83' lang='lat' dir='ltr'>deferre.</span> <span class='ocrx_word' id='word_1_7' title='bbox 608 687 702 776; x_wconf 92' lang='lat' dir='ltr'>Quis</span> <span class='ocrx_word' id='word_1_8' title='bbox 728 685 825 755; x_wconf 90' lang='lat' dir='ltr'>enim</span> <span class='ocrx_word' id='word_1_9' title='bbox 855 686 1006 776; x_wconf 88' lang='lat' dir='ltr'>pleniori</span> <span class='ocrx_word' id='word_1_10' title='bbox 1034 709 1107 771; x_wconf 72' lang='lat' dir='ltr'>ore,</span> <span class='ocrx_word' id='word_1_11' title='bbox 1136 706 1175 756; x_wconf 89' lang='lat' dir='ltr'>ut</span> <span class='ocrx_word' id='word_1_12' title='bbox 1201 689 1248 759; x_wconf 81' lang='lat' dir='ltr'>ita</span> 
     </span>
     <span class='ocr_line' id='line_1_3' title="bbox 128 802 1247 895; baseline 0.001 -23"><span class='ocrx_word' id='word_1_13' title='bbox 128 804 259 887; x_wconf 77' lang='lat' dir='ltr'>dicam,</span> <span class='ocrx_word' id='word_1_14' title='bbox 286 823 319 872; x_wconf 95' lang='lat' dir='ltr'>et</span> <span class='ocrx_word' id='word_1_15' title='bbox 354 804 545 894; x_wconf 84' lang='lat' dir='ltr'>profusiori</span> <span class='ocrx_word' id='word_1_16' title='bbox 577 803 827 884; x_wconf 83' lang='lat' dir='ltr'>admiratione,</span> <span class='ocrx_word' id='word_1_17' title='bbox 857 803 956 870; x_wconf 90' lang='lat' dir='ltr'>illam</span> <span class='ocrx_word' id='word_1_18' title='bbox 990 802 1118 872; x_wconf 84' lang='lat' dir='ltr'>cecinit</span> <span class='ocrx_word' id='word_1_19' title='bbox 1149 807 1247 895; x_wconf 55' lang='lat' dir='ltr'>prin·¹</span> 
     </span>
     <span class='ocr_line' id='line_1_4' title="bbox 127 918 1247 1010; baseline 0.002 -23"><span class='ocrx_word' id='word_1_20' title='bbox 127 920 245 1010; x_wconf 87' lang='lat' dir='ltr'>cipem</span> <span class='ocrx_word' id='word_1_21' title='bbox 284 919 430 988; x_wconf 91' lang='lat' dir='ltr'>urbium</span> <span class='ocrx_word' id='word_1_22' title='bbox 466 921 530 1008; x_wconf 80' lang='grc' dir='ltr'>(ι),</span> <span class='ocrx_word' id='word_1_23' title='bbox 568 918 825 1009; x_wconf 87' lang='lat' dir='ltr'>dominamque</span> <span class='ocrx_word' id='word_1_24' title='bbox 866 920 1050 988; x_wconf 80' lang='lat' dir='ltr'>Romami</span> <span class='ocrx_word' id='word_1_25' title='bbox 1085 921 1128 1008; x_wconf 83' lang='lat'>(2)</span> <span class='ocrx_word' id='word_1_26' title='bbox 1166 920 1247 1010; x_wconf 92' lang='lat' dir='ltr'>quis</span> 
     </span>
    </p>
   </div>
   <div class='ocr_carea' id='block_1_2' title="bbox 127 1035 1245 1241">
    <p class='ocr_par' dir='ltr' id='par_1_2' title="bbox 127 1035 1245 1241">
     <span class='ocr_line' id='line_1_5' title="bbox 129 1035 1245 1126; baseline -0.002 -20"><span class='ocrx_word' id='word_1_27' title='bbox 129 1036 267 1106; x_wconf 89' lang='lat' dir='ltr'>Urbem</span> <span class='ocrx_word' id='word_1_28' title='bbox 295 1037 398 1104; x_wconf 87' lang='lat' dir='ltr'>laude</span> <span class='ocrx_word' id='word_1_29' title='bbox 417 1035 619 1120; x_wconf 76' lang='lat' dir='ltr'>adornavit,</span> <span class='ocrx_word' id='word_1_30' title='bbox 637 1058 717 1126; x_wconf 88' lang='lat' dir='ltr'>quae</span> <span class='ocrx_word' id='word_1_31' title='bbox 743 1035 857 1126; x_wconf 86' lang='lat' dir='ltr'>magis</span> <span class='ocrx_word' id='word_1_32' title='bbox 883 1035 979 1104; x_wconf 92' lang='lat' dir='ltr'>illius</span> <span class='ocrx_word' id='word_1_33' title='bbox 1003 1035 1245 1126; x_wconf 84' lang='lat' dir='ltr'>magnitudini</span> 
     </span>
     <span class='ocr_line' id='line_1_6' title="bbox 127 1152 448 1241; baseline 0 -22"><span class='ocrx_word' id='word_1_34' title='bbox 127 1174 191 1241; x_wconf 89' lang='lat' dir='ltr'>par</span> <span class='ocrx_word' id='word_1_35' title='bbox 208 1152 448 1222; x_wconf 87' lang='lat' dir='ltr'>inveniretur?</span> 
     </span>
    </p>
   </div>
   <div class='ocr_carea' id='block_1_3' title="bbox 375 1295 943 1639">
    <p class='ocr_par' dir='ltr' id='par_1_3' title="bbox 375 1295 931 1370">
     <span class='ocr_line' id='line_1_7' title="bbox 375 1295 931 1370; baseline 0 -19"><span class='ocrx_word' id='word_1_36' title='bbox 375 1297 462 1351; x_wconf 83' lang='lat' dir='ltr'>Alme</span> <span class='ocrx_word' id='word_1_37' title='bbox 481 1297 544 1359; x_wconf 85' lang='lat' dir='ltr'>Sol,</span> <span class='ocrx_word' id='word_1_38' title='bbox 563 1314 653 1352; x_wconf 89' lang='lat' dir='ltr'>curru</span> <span class='ocrx_word' id='word_1_39' title='bbox 670 1296 768 1353; x_wconf 92' lang='lat' dir='ltr'>nitido</span> <span class='ocrx_word' id='word_1_40' title='bbox 782 1295 862 1353; x_wconf 90' lang='lat' dir='ltr'>diem</span> <span class='ocrx_word' id='word_1_41' title='bbox 879 1295 931 1370; x_wconf 90' lang='lat' dir='ltr'>qui</span> 
     </span>
    </p>

    <p class='ocr_par' dir='ltr' id='par_1_4' title="bbox 377 1385 931 1459">
     <span class='ocr_line' id='line_1_8' title="bbox 377 1385 931 1459; baseline 0.002 -19"><span class='ocrx_word' id='word_1_42' title='bbox 377 1385 497 1441; x_wconf 87' lang='lat' dir='ltr'>Promis</span> <span class='ocrx_word' id='word_1_43' title='bbox 513 1398 542 1442; x_wconf 91' lang='lat' dir='ltr'>et</span> <span class='ocrx_word' id='word_1_44' title='bbox 558 1386 638 1442; x_wconf 88' lang='lat' dir='ltr'>celas</span> <span class='ocrx_word' id='word_1_45' title='bbox 654 1385 792 1459; x_wconf 91' lang='lat' dir='ltr'>aliusque</span> <span class='ocrx_word' id='word_1_46' title='bbox 808 1398 836 1441; x_wconf 89' lang='lat' dir='ltr'>et</span> <span class='ocrx_word' id='word_1_47' title='bbox 851 1385 931 1441; x_wconf 84' lang='lat' dir='ltr'>idem</span> 
     </span>
    </p>

    <p class='ocr_par' dir='ltr' id='par_1_5' title="bbox 377 1472 943 1639">
     <span class='ocr_line' id='line_1_9' title="bbox 377 1472 943 1547; baseline -0.002 -17"><span class='ocrx_word' id='word_1_48' title='bbox 377 1472 526 1537; x_wconf 84' lang='lat' dir='ltr'>Nasceris,</span> <span class='ocrx_word' id='word_1_49' title='bbox 544 1474 643 1547; x_wconf 87' lang='lat' dir='ltr'>possis</span> <span class='ocrx_word' id='word_1_50' title='bbox 659 1474 735 1530; x_wconf 92' lang='lat' dir='ltr'>nihil</span> <span class='ocrx_word' id='word_1_51' title='bbox 755 1475 830 1531; x_wconf 91' lang='lat' dir='ltr'>urbe</span> <span class='ocrx_word' id='word_1_52' title='bbox 847 1477 943 1530; x_wconf 91' lang='lat' dir='ltr'>Roma</span> 
     </span>
     <span class='ocr_line' id='line_1_10' title="bbox 481 1563 780 1639; baseline -0.003 -19"><span class='ocrx_word' id='word_1_53' title='bbox 481 1563 587 1621; x_wconf 89' lang='lat' dir='ltr'>Visere</span> <span class='ocrx_word' id='word_1_54' title='bbox 600 1565 713 1639; x_wconf 77' lang='lat' dir='ltr'>maJus!</span> <span class='ocrx_word' id='word_1_55' title='bbox 732 1565 780 1635; x_wconf 73' lang='grc'>(3).</span> 
     </span>
    </p>
   </div>
   <div class='ocr_carea' id='block_1_4' title="bbox 121 1733 1243 2038">
    <p class='ocr_par' dir='ltr' id='par_1_6' title="bbox 121 1733 1243 2038">
     <span class='ocr_line' id='line_1_11' title="bbox 171 1733 1243 1825; baseline 0.001 -23"><span class='ocrx_word' id='word_1_56' title='bbox 171 1735 223 1802; x_wconf 93' lang='lat' dir='ltr'>De</span> <span class='ocrx_word' id='word_1_57' title='bbox 239 1733 358 1803; x_wconf 82' lang='lat' dir='ltr'>lutura</span> <span class='ocrx_word' id='word_1_58' title='bbox 381 1737 507 1803; x_wconf 86' lang='lat' dir='ltr'>Romae</span> <span class='ocrx_word' id='word_1_59' title='bbox 528 1735 671 1803; x_wconf 80' lang='lat' dir='ltr'>fortuna</span> <span class='ocrx_word' id='word_1_60' title='bbox 688 1737 777 1804; x_wconf 89' lang='lat' dir='ltr'>adeo</span> <span class='ocrx_word' id='word_1_61' title='bbox 794 1757 864 1803; x_wconf 93' lang='lat' dir='ltr'>non</span> <span class='ocrx_word' id='word_1_62' title='bbox 882 1735 1060 1825; x_wconf 72' lang='lat' dir='ltr'>desperat,</span> <span class='ocrx_word' id='word_1_63' title='bbox 1078 1753 1117 1803; x_wconf 90' lang='lat' dir='ltr'>ut</span> <span class='ocrx_word' id='word_1_64' title='bbox 1135 1757 1243 1824; x_wconf 92' lang='lat' dir='ltr'>quam</span> 
     </span>
     <span class='ocr_line' id='line_1_12' title="bbox 122 1834 1243 1943; baseline 0.001 -25"><span class='ocrx_word' id='word_1_65' title='bbox 122 1850 194 1918; x_wconf 92' lang='lat' dir='ltr'>sibi</span> <span class='ocrx_word' id='word_1_66' title='bbox 216 1850 337 1941; x_wconf 84' lang='lat' dir='ltr'>gloriae</span> <span class='ocrx_word' id='word_1_67' title='bbox 355 1851 615 1942; x_wconf 82' lang='lat' dir='ltr'>perennitatem</span> <span class='ocrx_word' id='word_1_68' title='bbox 633 1834 855 1943; x_wconf 64' lang='lat' dir='ltr'>polliceatun</span> <span class='ocrx_word' id='word_1_69' title='bbox 874 1873 952 1919; x_wconf 91' lang='lat' dir='ltr'>eam</span> <span class='ocrx_word' id='word_1_70' title='bbox 969 1851 1081 1922; x_wconf 90' lang='lat' dir='ltr'>Urbis</span> <span class='ocrx_word' id='word_1_71' title='bbox 1103 1852 1243 1920; x_wconf 89' lang='lat' dir='ltr'>aeterni·</span> 
     </span>
     <span class='ocr_line' id='line_1_13' title="bbox 121 1967 606 2038; baseline 0.008 -4"><span class='ocrx_word' id='word_1_72' title='bbox 121 1984 195 2037; x_wconf 91' lang='lat' dir='ltr'>tate</span> <span class='ocrx_word' id='word_1_73' title='bbox 213 1967 429 2036; x_wconf 91' lang='lat' dir='ltr'>communiri</span> <span class='ocrx_word' id='word_1_74' title='bbox 446 1986 581 2037; x_wconf 88' lang='lat' dir='ltr'>asserat</span> <span class='ocrx_word' id='word_1_75' title='bbox 599 1990 606 2038; x_wconf 76' lang='grc' dir='ltr'>ε</span> 
     </span>
    </p>
   </div>
   <div class='ocr_carea' id='block_1_5' title="bbox 338 2113 1015 2363">
    <p class='ocr_par' dir='ltr' id='par_1_7' title="bbox 338 2113 1015 2363">
     <span class='ocr_line' id='line_1_14' title="bbox 482 2113 795 2186; baseline -0.003 -19"><span class='ocrx_word' id='word_1_76' title='bbox 482 2113 586 2186; x_wconf 85' lang='lat' dir='ltr'>Usque</span> <span class='ocrx_word' id='word_1_77' title='bbox 602 2129 657 2185; x_wconf 89' lang='lat' dir='ltr'>ego</span> <span class='ocrx_word' id='word_1_78' title='bbox 673 2123 795 2185; x_wconf 89' lang='lat' dir='ltr'>postera</span> 
     </span>
     <span class='ocr_line' id='line_1_15' title="bbox 339 2200 1007 2274; baseline 0 -18"><span class='ocrx_word' id='word_1_79' title='bbox 339 2200 480 2257; x_wconf 89' lang='lat' dir='ltr'>Crescam</span> <span class='ocrx_word' id='word_1_80' title='bbox 497 2202 586 2258; x_wconf 87' lang='lat' dir='ltr'>laude</span> <span class='ocrx_word' id='word_1_81' title='bbox 602 2217 718 2266; x_wconf 86' lang='lat' dir='ltr'>recens,</span> <span class='ocrx_word' id='word_1_82' title='bbox 734 2201 806 2256; x_wconf 92' lang='lat' dir='ltr'>dum</span> <span class='ocrx_word' id='word_1_83' title='bbox 821 2200 1007 2274; x_wconf 86' lang='lat' dir='ltr'>Capitolium</span> 
     </span>
     <span class='ocr_line' id='line_1_16' title="bbox 338 2289 1015 2363; baseline 0.001 -17"><span class='ocrx_word' id='word_1_84' title='bbox 338 2290 470 2347; x_wconf 88' lang='lat' dir='ltr'>Scandet</span> <span class='ocrx_word' id='word_1_85' title='bbox 486 2308 555 2346; x_wconf 90' lang='lat' dir='ltr'>curn</span> <span class='ocrx_word' id='word_1_86' title='bbox 570 2290 660 2347; x_wconf 89' lang='lat' dir='ltr'>tacita</span> <span class='ocrx_word' id='word_1_87' title='bbox 676 2289 791 2363; x_wconf 84' lang='lat' dir='ltr'>virgine</span> <span class='ocrx_word' id='word_1_88' title='bbox 809 2289 949 2347; x_wconf 85' lang='lat' dir='ltr'>Pontifex</span> <span class='ocrx_word' id='word_1_89' title='bbox 964 2292 1015 2362; x_wconf 84' lang='lat'>(4).</span> 
     </span>
    </p>
   </div>
   <div class='ocr_carea' id='block_1_6' title="bbox 119 2459 1240 2668">
    <p class='ocr_par' dir='ltr' id='par_1_8' title="bbox 119 2459 1240 2668">
     <span class='ocr_line' id='line_1_17' title="bbox 166 2459 1240 2552; baseline 0 -26"><span class='ocrx_word' id='word_1_90' title='bbox 166 2461 211 2528; x_wconf 90' lang='lat' dir='ltr'>V.</span> <span class='ocrx_word' id='word_1_91' title='bbox 240 2463 322 2531; x_wconf 91' lang='lat' dir='ltr'>Non</span> <span class='ocrx_word' id='word_1_92' title='bbox 347 2462 444 2552; x_wconf 93' lang='lat' dir='ltr'>quod</span> <span class='ocrx_word' id='word_1_93' title='bbox 470 2461 598 2551; x_wconf 84' lang='lat' dir='ltr'>ingrati</span> <span class='ocrx_word' id='word_1_94' title='bbox 623 2483 662 2529; x_wconf 92' lang='lat' dir='ltr'>ac</span> <span class='ocrx_word' id='word_1_95' title='bbox 689 2461 807 2551; x_wconf 86' lang='lat' dir='ltr'>segnis</span> <span class='ocrx_word' id='word_1_96' title='bbox 825 2459 936 2529; x_wconf 91' lang='lat' dir='ltr'>animi</span> <span class='ocrx_word' id='word_1_97' title='bbox 962 2461 1016 2529; x_wconf 91' lang='lat' dir='ltr'>vel</span> <span class='ocrx_word' id='word_1_98' title='bbox 1044 2460 1080 2528; x_wconf 97' lang='lat' dir='ltr'>in</span> <span class='ocrx_word' id='word_1_99' title='bbox 1101 2459 1240 2529; x_wconf 86' lang='lat' dir='ltr'>Italicas</span> 
     </span>
     <span class='ocr_line' id='line_1_18' title="bbox 119 2575 1240 2668; baseline 0.001 -23"><span class='ocrx_word' id='word_1_100' title='bbox 119 2577 338 2668; x_wconf 72' lang='lat' dir='ltr'>provincias,</span> <span class='ocrx_word' id='word_1_101' title='bbox 355 2579 408 2645; x_wconf 91' lang='lat' dir='ltr'>vel</span> <span class='ocrx_word' id='word_1_102' title='bbox 428 2577 464 2645; x_wconf 93' lang='lat' dir='ltr'>in</span> <span class='ocrx_word' id='word_1_103' title='bbox 482 2600 560 2646; x_wconf 91' lang='lat' dir='ltr'>eam</span> <span class='ocrx_word' id='word_1_104' title='bbox 579 2599 688 2667; x_wconf 91' lang='lat' dir='ltr'>quam</span> <span class='ocrx_word' id='word_1_105' title='bbox 713 2575 799 2645; x_wconf 88' lang='lat' dir='ltr'>dicit</span> <span class='ocrx_word' id='word_1_106' title='bbox 826 2576 952 2647; x_wconf 89' lang='lat' dir='ltr'>Cicero</span> <span class='ocrx_word' id='word_1_107' title='bbox 980 2577 1045 2645; x_wconf 91' lang='lat' dir='ltr'>loci</span> <span class='ocrx_word' id='word_1_108' title='bbox 1075 2576 1240 2666; x_wconf 79' lang='lat' dir='ltr'>patriam,</span> 
     </span>
    </p>
   </div>
   <div class='ocr_carea' id='block_1_7' title="bbox 112 2692 1241 3480">
    <p class='ocr_par' dir='ltr' id='par_1_9' title="bbox 112 2692 1241 3480">
     <span class='ocr_line' id='line_1_19' title="bbox 119 2692 1239 2784; baseline 0.002 -25"><span class='ocrx_word' id='word_1_109' title='bbox 119 2693 319 2762; x_wconf 92' lang='lat' dir='ltr'>Venusiam</span> <span class='ocrx_word' id='word_1_110' title='bbox 347 2693 494 2776; x_wconf 71' lang='lat' dir='ltr'>scilicet,</span> <span class='ocrx_word' id='word_1_111' title='bbox 527 2692 786 2761; x_wconf 88' lang='lat' dir='ltr'>existimandus</span> <span class='ocrx_word' id='word_1_112' title='bbox 818 2692 876 2761; x_wconf 90' lang='lat' dir='ltr'>sit.</span> <span class='ocrx_word' id='word_1_113' title='bbox 914 2694 1112 2784; x_wconf 88' lang='lat' dir='ltr'>Nunquam</span> <span class='ocrx_word' id='word_1_114' title='bbox 1143 2692 1239 2761; x_wconf 85' lang='lat' dir='ltr'>eninr</span> 
     </span>
     <span class='ocr_line' id='line_1_20' title="bbox 118 2808 1240 2904; baseline -0.002 -26"><span class='ocrx_word' id='word_1_115' title='bbox 118 2809 285 2878; x_wconf 93' lang='lat' dir='ltr'>oblivisci</span> <span class='ocrx_word' id='word_1_116' title='bbox 305 2809 447 2877; x_wconf 85' lang='lat' dir='ltr'>videtur&#39;</span> <span class='ocrx_word' id='word_1_117' title='bbox 461 2808 737 2900; x_wconf 89' lang='lat' dir='ltr'>provincialium</span> <span class='ocrx_word' id='word_1_118' title='bbox 756 2809 968 2904; x_wconf 84' lang='lat' dir='ltr'>sanguinem</span> <span class='ocrx_word' id='word_1_119' title='bbox 991 2830 1072 2877; x_wconf 90' lang='lat' dir='ltr'>cum</span> <span class='ocrx_word' id='word_1_120' title='bbox 1090 2831 1240 2877; x_wconf 88' lang='lat' dir='ltr'>romano</span> 
     </span>
     <span class='ocr_line' id='line_1_21' title="bbox 118 2923 1240 3016; baseline -0.003 -22"><span class='ocrx_word' id='word_1_121' title='bbox 118 2924 351 3016; x_wconf 85' lang='lat' dir='ltr'>sanguinein</span> <span class='ocrx_word' id='word_1_122' title='bbox 377 2925 548 2993; x_wconf 87' lang='lat' dir='ltr'>sescentis</span> <span class='ocrx_word' id='word_1_123' title='bbox 571 2924 708 3015; x_wconf 87' lang='lat' dir='ltr'>proeliis</span> <span class='ocrx_word' id='word_1_124' title='bbox 731 2923 852 2993; x_wconf 83' lang='lat' dir='ltr'>lusum</span> <span class='ocrx_word' id='word_1_125' title='bbox 875 2948 951 2993; x_wconf 92' lang='lat' dir='ltr'>esse</span> <span class='ocrx_word' id='word_1_126' title='bbox 969 2925 1030 3012; x_wconf 82' lang='grc'>(5),</span> <span class='ocrx_word' id='word_1_127' title='bbox 1053 2940 1091 2992; x_wconf 93' lang='lat' dir='ltr'>ut</span> <span class='ocrx_word' id='word_1_128' title='bbox 1115 2923 1240 3015; x_wconf 85' lang='lat' dir='ltr'>ingens</span> 
     </span>
     <span class='ocr_line' id='line_1_22' title="bbox 116 3040 1238 3130; baseline -0.002 -20"><span class='ocrx_word' id='word_1_129' title='bbox 116 3043 178 3110; x_wconf 91' lang='lat' dir='ltr'>ille</span> <span class='ocrx_word' id='word_1_130' title='bbox 215 3041 250 3108; x_wconf 91' lang='lat' dir='ltr'>in</span> <span class='ocrx_word' id='word_1_131' title='bbox 280 3058 456 3110; x_wconf 91' lang='lat' dir='ltr'>terrarum</span> <span class='ocrx_word' id='word_1_132' title='bbox 487 3041 611 3109; x_wconf 86' lang='lat' dir='ltr'>orbem</span> <span class='ocrx_word' id='word_1_133' title='bbox 642 3040 848 3109; x_wconf 89' lang='lat' dir='ltr'>dominatus</span> <span class='ocrx_word' id='word_1_134' title='bbox 881 3042 1007 3109; x_wconf 87' lang='lat' dir='ltr'>Romae</span> <span class='ocrx_word' id='word_1_135' title='bbox 1042 3057 1238 3130; x_wconf 88' lang='lat' dir='ltr'>pararetur.</span> 
     </span>
     <span class='ocr_line' id='line_1_23' title="bbox 117 3155 1241 3246; baseline -0.002 -21"><span class='ocrx_word' id='word_1_136' title='bbox 117 3157 356 3226; x_wconf 90' lang='lat' dir='ltr'>Rusticorum</span> <span class='ocrx_word' id='word_1_137' title='bbox 382 3157 577 3225; x_wconf 89' lang='lat' dir='ltr'>masculam</span> <span class='ocrx_word' id='word_1_138' title='bbox 602 3156 760 3225; x_wconf 91' lang='lat' dir='ltr'>militum</span> <span class='ocrx_word' id='word_1_139' title='bbox 786 3157 924 3246; x_wconf 92' lang='lat' dir='ltr'>prolem</span> <span class='ocrx_word' id='word_1_140' title='bbox 950 3155 1100 3224; x_wconf 88' lang='lat' dir='ltr'>miratur</span> <span class='ocrx_word' id='word_1_141' title='bbox 1123 3158 1183 3244; x_wconf 81' lang='lat'>(6),</span> <span class='ocrx_word' id='word_1_142' title='bbox 1207 3173 1241 3223; x_wconf 91' lang='lat' dir='ltr'>et</span> 
     </span>
     <span class='ocr_line' id='line_1_24' title="bbox 117 3271 1238 3361; baseline -0.003 -18"><span class='ocrx_word' id='word_1_143' title='bbox 117 3275 258 3343; x_wconf 89' lang='lat' dir='ltr'>Partbo</span> <span class='ocrx_word' id='word_1_144' title='bbox 285 3273 489 3342; x_wconf 91' lang='lat' dir='ltr'>timendum</span> <span class='ocrx_word' id='word_1_145' title='bbox 509 3296 585 3342; x_wconf 91' lang='lat' dir='ltr'>esse</span> <span class='ocrx_word' id='word_1_146' title='bbox 607 3272 736 3342; x_wconf 89' lang='lat' dir='ltr'>Italum</span> <span class='ocrx_word' id='word_1_147' title='bbox 757 3273 867 3341; x_wconf 90' lang='lat' dir='ltr'>robur</span> <span class='ocrx_word' id='word_1_148' title='bbox 884 3271 1050 3341; x_wconf 90' lang='lat' dir='ltr'>meminit</span> <span class='ocrx_word' id='word_1_149' title='bbox 1068 3273 1123 3361; x_wconf 90' lang='lat'><em>(7).</em></span> <span class='ocrx_word' id='word_1_150' title='bbox 1143 3273 1238 3340; x_wconf 87' lang='lat' dir='ltr'>Mul-</span> 
     </span>
     <span class='ocr_line' id='line_1_25' title="bbox 112 3388 1238 3480; baseline -0.004 -20"><span class='ocrx_word' id='word_1_151' title='bbox 112 3409 198 3460; x_wconf 92' lang='lat' dir='ltr'>tum</span> <span class='ocrx_word' id='word_1_152' title='bbox 216 3413 359 3480; x_wconf 89' lang='lat' dir='ltr'>quoque</span> <span class='ocrx_word' id='word_1_153' title='bbox 380 3390 479 3458; x_wconf 87' lang='lat' dir='ltr'>abest</span> <span class='ocrx_word' id='word_1_154' title='bbox 503 3407 541 3458; x_wconf 91' lang='lat' dir='ltr'>ut</span> <span class='ocrx_word' id='word_1_155' title='bbox 562 3406 690 3480; x_wconf 85' lang='lat' dir='ltr'>spretae</span> <span class='ocrx_word' id='word_1_156' title='bbox 714 3389 881 3457; x_wconf 86' lang='lat' dir='ltr'>Venusiae</span> <span class='ocrx_word' id='word_1_157' title='bbox 903 3389 1037 3457; x_wconf 89' lang='lat' dir='ltr'>crimen</span> <span class='ocrx_word' id='word_1_158' title='bbox 1057 3388 1185 3456; x_wconf 88' lang='lat' dir='ltr'>merito</span> <span class='ocrx_word' id='word_1_159' title='bbox 1204 3389 1238 3456; x_wconf 92' lang='lat' dir='ltr'>in</span> 
     </span>
    </p>
   </div>
   <div class='ocr_carea' id='block_1_8' title="bbox 147 3649 564 4255">
    <p class='ocr_par' dir='ltr' id='par_1_10' title="bbox 154 3649 489 3721">
     <span class='ocr_line' id='line_1_26' title="bbox 154 3649 489 3721; baseline -0.003 -17"><span class='ocrx_word' id='word_1_160' title='bbox 154 3654 198 3721; x_wconf 80' lang='grc' dir='ltr'>(ι)</span> <span class='ocrx_word' id='word_1_161' title='bbox 220 3649 324 3705; x_wconf 81' lang='lat' dir='ltr'>Carm.</span> <span class='ocrx_word' id='word_1_162' title='bbox 347 3650 489 3720; x_wconf 78' lang='lat' dir='ltr'>rv,3,13.</span> 
     </span>
    </p>

    <p class='ocr_par' dir='ltr' id='par_1_11' title="bbox 151 3739 508 3900">
     <span class='ocr_line' id='line_1_27' title="bbox 154 3739 508 3811; baseline -0.008 -16"><span class='ocrx_word' id='word_1_163' title='bbox 154 3739 199 3811; x_wconf 84' lang='lat'>(2)</span> <span class='ocrx_word' id='word_1_164' title='bbox 219 3739 324 3796; x_wconf 84' lang='lat' dir='ltr'>Carm.</span> <span class='ocrx_word' id='word_1_165' title='bbox 342 3757 380 3803; x_wconf 81' lang='lat' dir='ltr'>rr,</span> <span class='ocrx_word' id='word_1_166' title='bbox 404 3756 445 3808; x_wconf 79' lang='lat'>14,</span> <span class='ocrx_word' id='word_1_167' title='bbox 460 3756 508 3808; x_wconf 88' lang='lat'>44.</span> 
     </span>
     <span class='ocr_line' id='line_1_28' title="bbox 151 3826 447 3900; baseline -0.017 -16"><span class='ocrx_word' id='word_1_168' title='bbox 151 3828 192 3900; x_wconf 65' lang='lat'>(3)</span> <span class='ocrx_word' id='word_1_169' title='bbox 214 3826 319 3884; x_wconf 72' lang='lat' dir='ltr'>Carni.</span> <span class='ocrx_word' id='word_1_170' title='bbox 337 3843 402 3881; x_wconf 84' lang='lat' dir='ltr'>saec.</span> <span class='ocrx_word' id='word_1_171' title='bbox 420 3844 447 3899; x_wconf 87' lang='lat'>9.</span> 
     </span>
    </p>

    <p class='ocr_par' dir='ltr' id='par_1_12' title="bbox 147 3916 484 3988">
     <span class='ocr_line' id='line_1_29' title="bbox 147 3916 484 3988; baseline 0 -16"><span class='ocrx_word' id='word_1_172' title='bbox 147 3917 188 3988; x_wconf 78' lang='lat'>(4)</span> <span class='ocrx_word' id='word_1_173' title='bbox 211 3916 315 3972; x_wconf 82' lang='lat' dir='ltr'>Carm.</span> <span class='ocrx_word' id='word_1_174' title='bbox 334 3933 375 3984; x_wconf 85' lang='lat' dir='ltr'>ru,</span> <span class='ocrx_word' id='word_1_175' title='bbox 394 3916 439 3982; x_wconf 86' lang='lat'>30,</span> <span class='ocrx_word' id='word_1_176' title='bbox 458 3934 484 3987; x_wconf 91' lang='lat'>7.</span> 
     </span>
    </p>

    <p class='ocr_par' dir='ltr' id='par_1_13' title="bbox 147 4003 564 4164">
     <span class='ocr_line' id='line_1_30' title="bbox 147 4003 564 4077; baseline 0.002 -17"><span class='ocrx_word' id='word_1_177' title='bbox 147 4003 191 4077; x_wconf 88' lang='lat'>(5)</span> <span class='ocrx_word' id='word_1_178' title='bbox 213 4004 318 4061; x_wconf 85' lang='lat' dir='ltr'>Carm.</span> <span class='ocrx_word' id='word_1_179' title='bbox 336 4022 366 4071; x_wconf 86' lang='lat' dir='ltr'>u,</span> <span class='ocrx_word' id='word_1_180' title='bbox 387 4023 410 4072; x_wconf 86' lang='lat'>1,</span> <span class='ocrx_word' id='word_1_181' title='bbox 428 4021 463 4076; x_wconf 85' lang='lat'>29</span> <span class='ocrx_word' id='word_1_182' title='bbox 480 4021 564 4076; x_wconf 87' lang='lat' dir='ltr'>seqq.</span> 
     </span>
     <span class='ocr_line' id='line_1_31' title="bbox 148 4091 487 4164; baseline -0.003 -15"><span class='ocrx_word' id='word_1_183' title='bbox 148 4093 187 4164; x_wconf 76' lang='lat' dir='ltr'>td)</span> <span class='ocrx_word' id='word_1_184' title='bbox 210 4091 317 4148; x_wconf 85' lang='lat' dir='ltr'>Carm.</span> <span class='ocrx_word' id='word_1_185' title='bbox 334 4111 375 4160; x_wconf 88' lang='lat' dir='ltr'>ru,</span> <span class='ocrx_word' id='word_1_186' title='bbox 395 4092 421 4157; x_wconf 86' lang='grc'>6,</span> <span class='ocrx_word' id='word_1_187' title='bbox 439 4093 487 4164; x_wconf 87' lang='grc'>37.</span> 
     </span>
    </p>

    <p class='ocr_par' dir='ltr' id='par_1_14' title="bbox 148 4180 494 4255">
     <span class='ocr_line' id='line_1_32' title="bbox 148 4180 494 4255; baseline -0.006 -17"><span class='ocrx_word' id='word_1_188' title='bbox 148 4186 192 4255; x_wconf 82' lang='lat'>(7)</span> <span class='ocrx_word' id='word_1_189' title='bbox 215 4180 321 4238; x_wconf 85' lang='lat' dir='ltr'>Carm.</span> <span class='ocrx_word' id='word_1_190' title='bbox 339 4200 370 4251; x_wconf 88' lang='lat'>11,</span> <span class='ocrx_word' id='word_1_191' title='bbox 388 4183 431 4248; x_wconf 83' lang='lat'>13,</span> <span class='ocrx_word' id='word_1_192' title='bbox 453 4182 494 4237; x_wconf 88' lang='lat'>18.</span> 
     </span>
    </p>
   </div>
   <div class='ocr_carea' id='block_1_9' title="bbox 0 0 1490 5280">
    <p class='ocr_par' dir='ltr' id='par_1_15' title="bbox 0 0 1490 5280">
     <span class='ocr_line' id='line_1_33' title="bbox 0 0 1490 5280; baseline 0 4"><span class='ocrx_word' id='word_1_193' title='bbox 0 0 1490 5280; x_wconf 95' lang='lat' dir='ltr'> </span> 
     </span>
    </p>
   </div>
  </div>
 </body>
</html>
