2970 5280
622 475 826 541 -108-

176 615 322 705 privatis
342 615 523 684 sacrificiis
548 617 592 703 (ι)
617 615 792 699 colantur,
813 615 841 683 si
870 614 979 693 iratos
1002 616 1156 706 placare,
1180 615 1304 706 placa·

175 749 302 821 rosque
327 754 469 822 semper
499 731 673 824 propitios
703 730 806 799 nobis
836 727 869 800 et
899 730 1132 820 reipublicae
1166 731 1302 800 habere

174 850 340 917 velimus.

220 962 406 1054 Sapienter
424 963 570 1053 quidem
595 964 669 1032 haec
689 963 823 1048 omnia,
838 982 871 1032 et
887 986 967 1053 quae
988 987 1005 1032 e
1027 963 1304 1035 Socraticorum

174 1078 307 1147 samiiia
325 1102 468 1148 manare
487 1079 685 1149 videantur.
707 1082 805 1148 Num
826 1099 945 1149 tamen
963 1079 1083 1148 statim
1106 1096 1141 1148 et
1162 1095 1304 1149 temere

175 1195 370 1263 dicendum
388 1213 440 1263 est
456 1171 558 1264 aliter
573 1196 616 1263 de
634 1196 703 1264 diis
726 1197 921 1265 Horatium
936 1198 970 1264 in
991 1195 1110 1286 lyricis
1125 1195 1303 1264 carmini-

177 1310 243 1378 bus
276 1311 421 1394 sentire‚
458 1311 560 1380 aliter
593 1312 626 1378 in
662 1311 913 1394 Semonibus,
951 1329 1121 1402 tanquam
1155 1313 1303 1381 civilem

175 1427 335 1516 quodam
354 1428 463 1495 modo
481 1450 673 1518 personam
687 1428 723 1495 in
741 1428 811 1496 illis
827 1428 949 1519 egerit,
970 1428 1004 1496 in
1024 1427 1079 1496 his
1095 1427 1306 1518 privatam?

178 1542 256 1615 Sed·
271 1567 341 1612 non
370 1567 497 1633 parum
520 1543 738 1612 difficultatis
762 1545 844 1613 inde
871 1544 955 1613 oriri
984 1545 1106 1629 fateor,
1135 1547 1241 1635 quod
1269 1546 1306 1614 in

180 1659 357 1750 Epistulis
374 1678 406 1728 et
424 1658 564 1743 Satiris,
582 1662 610 1728 si
629 1684 743 1729 unum
762 1661 864 1730 ilium
882 1662 924 1729 de
941 1663 1091 1730 deorum
1114 1661 1306 1730 incuriosa

172 1774 341 1860 ‘felicitate
361 1775 479 1845 locum
497 1776 634 1856 demas.
652 1776 747 1846 haud
765 1800 866 1845 secus
885 1794 991 1867 atque
1015 1777 1049 1844 in
1073 1776 1197 1867 lyricis
1222 1801 1308 1868 poe·

109 1981 111 1986 Ι
177 1893 1308 1982 matis‚quanquamrarius,deostestaturhumanarumrerum

179 2008 468 2098 procurationem
483 2009 625 2079 habere.
641 2011 781 2101 Jupiter
797 2010 889 2078 votis
909 2031 1031 2078 aurem
1048 2010 1186 2100 praebet
1207 2013 1271 2101 (2).
1289 2038 1308 2082 a

178 2147 249 2213 quo
270 2124 448 2194 bonorum
467 2127 568 2216 copia
584 2127 731 2217 profluit
752 2129 809 2215 (3).
836 2125 872 2198 Si
896 2146 1035 2195 recusat
1058 2127 1241 2196 Horatius
1263 2130 1310 2198 ab

178 2239 238 2308 iilo
255 2264 443 2331 exposcere
463 2264 542 2331 quae
565 2241 763 2312 Christiani
789 2264 854 2310 nos
876 2242 985 2310 animi
1006 2242 1113 2325 bona,
1131 2244 1309 2314 omnium

178 2356 356 2425 bonorum
373 2358 670 2442 eminentissima,
683 2381 867 2442 vocamus,
885 2381 925 2427 ex
943 2376 1082 2449 recepta
1098 2361 1198 2450 apud
1214 2362 1312 2430 anti·

178 2473 283 2563 quos,
305 2474 504 2564 praesertim
523 2474 676 2558 Stoicos,
696 2476 872 2543 sententia
893 2474 1065 2564 loquitur,
1083 2475 1160 2564 qui,
1178 2476 1310 2547 minus

177 2589 373 2680 perspectis
393 2589 436 2658 iis
461 2590 661 2659 rationibus
685 2613 764 2680 quae
787 2590 880 2659 inter
902 2590 967 2660 Dei
986 2589 1258 2681 providentiam
1276 2614 1311 2663 et

179 2704 340 2774 hominis
368 2707 567 2775 libertatem
596 2707 832 2791 intercedunt,
856 2707 1011 2775 nimium
1041 2707 1213 2777 humanae
1244 2735 1312 2779 su-

178 2821 310 2911 perbiae
342 2821 576 2913 indulgebant
603 2824 669 2911 (4);
698 2822 881 2912 ceteroqui
910 2821 1020 2890 vitam
1049 2840 1082 2890 et
1108 2846 1198 2914 opes
1225 2848 1310 2917 pre·

179 2955 305 3004 catur:

286 3097 346 3156 Sed
363 3098 435 3155 satis
451 3110 496 3155 est
512 3117 599 3156 orare
614 3100 731 3172 Jovem,
748 3118 817 3174 quae
832 3099 917 3174 ponit
933 3111 962 3156 et
978 3098 1073 3155 aufert
1089 3117 1097 3155 t

288 3189 344 3243 Det
359 3187 461 3255 vitam,
479 3189 528 3245 det
545 3207 634 3263 opes;
648 3207 771 3262 aequum
789 3187 829 3245 mi
841 3189 975 3250 animum
988 3189 1052 3263 ipse
1064 3191 1179 3263 parabo
1193 3193 1245 3263 (5).

217 3477 259 3547 (1)
281 3474 446 3545 Carm.111‚
464 3475 510 3530 23.

215 3565 254 3636 (a)
273 3566 338 3621 Sar.
353 3583 374 3635 r,
395 3583 419 3631 1,
440 3564 533 3620 15-22.

215 3653 253 3726 (3)
274 3652 373 3726 Epist.
390 3673 410 3723 1,
427 3672 470 3719 η,
489 3653 523 3717 3;
540 3652 578 3709 cf.
595 3653 693 3727 Epist.
714 3673 734 3724 1,
749 3672 779 3724 4,
795 3656 829 3724 6;
845 3672 876 3719 11,
896 3672 923 3724 2,
943 3655 1233 3729 152;Sai.‚11‚6‚4,

215 3744 259 3816 (4)
281 3743 357 3808 Cre„
382 3742 418 3798 de
442 3742 513 3799 Nar.
538 3744 631 3799 Deor.
649 3761 691 3809 111,
711 3743 768 3799 36:
789 3742 967 3800 «Virtutem
985 3760 1231 3818 nemounquam
1249 3747 1310 3806 deo

179 3845 334 3907 acceptam
351 3831 487 3889 retulit...
504 3834 518 3889 J
522 3831 657 3889 udicium
673 3831 732 3888 hoc
744 3832 881 3889 omniurn
893 3832 1068 3893 mortalium
1079 3845 1136 3904 est,
1148 3835 1309 3898 iortunam

180 3942 196 3978 a
211 3924 269 3981 deo
285 3923 456 3998 petendam,
471 3941 487 3978 a
503 3941 534 3980 se
550 3925 618 3997 ipso
635 3923 811 3978 sumendam
825 3939 890 3979 esse
903 3923 1091 3997 sapientiam.
1103 3944 1160 3981 n-
1171 3926 1308 4002 Cissis.

179 4016 277 4090 Epist.
296 4015 335 4071 ud
349 4015 449 4072 Lucil.
472 4016 519 4088 73,
537 4015 574 4071 ad
590 4014 641 4070 fin.

215 4106 252 4176 (5)
273 4106 371 4178 Epist.
389 4122 408 4175 1,
432 4106 474 4173 18,
497 4123 561 4160 111.
