2970 5280
526 1251 912 1347 CONCLUSIO

198 1947 324 2017 Aiebat
351 1948 575 2019 clarissimus
608 1948 701 2016 inter
739 1947 940 2017 Germanos
969 1963 1072 2037 poeta
1106 1969 1156 2030 se,
1187 1968 1270 2015 curn

150 2066 276 2133 llorem
292 2065 466 2134 eximium
479 2064 690 2156 adspiceret,
709 2080 900 2154 properato
916 2063 952 2130 in
967 2085 1096 2130 manus
1115 2058 1269 2147 sumere,

151 2180 230 2267 ejus
250 2182 408 2251 colorem
435 2179 670 2272 contemplari
689 2198 797 2270 atque
824 2180 934 2248 odore
958 2179 1041 2258 frui,
1059 2179 1271 2270 priusquam

149 2297 355 2366 eruditulus
379 2298 528 2389 quidam
550 2298 678 2366 harum
703 2318 823 2365 rerum
845 2297 1015 2386 magister
1041 2295 1149 2383 hujus
1170 2295 1269 2364 floris

149 2412 296 2482 delicias
311 2436 374 2506 per
390 2431 508 2505 partes
521 2413 750 2496 dissolveret,
768 2434 840 2503 quo
866 2411 1075 2503 diligentius
1103 2411 1269 2480 intimam

148 2529 228 2618 ejus
249 2547 467 2599 structuram
494 2531 695 2622 explicaret.
726 2530 834 2598 Haud
861 2530 1019 2597 multum
1034 2527 1210 2597 dissimile
1233 2529 1267 2596 in

148 2645 286 2715 crimen
317 2646 551 2730 incurrimus,
586 2645 649 2736 qui
676 2645 934 2736 elegantissimi
970 2662 1084 2735 poetae
1108 2645 1269 2714 membra

149 2762 463 2855 discerpserimus‚
478 2781 517 2831 ut
532 2784 698 2833 arcanam
710 2761 808 2830 illius
825 2760 959 2853 ingenii
971 2777 1136 2830 naturam
1149 2783 1270 2830 recon-

148 2878 393 2969 ditioremque
431 2879 550 2969 poesis
584 2897 697 2948 artem
725 2878 921 2947 dilucidius
970 2879 1265 2969 perspiceremus

149 2993 272 3082 Quam
291 2996 448 3085 culpam,
468 2995 497 3062 si
516 2996 619 3086 culpa
637 3011 701 3079 est,
721 2995 785 3064 hac
800 3017 870 3063 una
883 2994 1020 3064 ratione
1037 2995 1211 3078 eluemuS,
1238 2997 1266 3064 si

148 3109 323 3200 quicquid
340 3110 527 3201 hucusque
543 3110 768 3202 disputatum
784 3127 838 3179 est
854 3111 889 3178 in
910 3111 1055 3179 brevem
1072 3113 1268 3201 quamdam

147 3226 309 3295 tabulam
329 3225 537 3313 reseramus,
560 3226 656 3295 unde
680 3249 786 3296 suum
805 3243 918 3317 poetae
935 3249 1064 3318 corpus
1081 3220 1217 3298 redeat.

195 3342 379 3434 Principio
399 3343 590 3412 statuimus
608 3343 802 3413 Horatium
821 3366 892 3412 non
909 3343 1054 3413 illorum
1073 3343 1266 3434 lyricorum

162 3457 292 3528 amiliae
308 3459 589 3528 adscribendum
598 3482 688 3546 esse,
703 3459 779 3550 qui,
798 3459 966 3550 neglectis
982 3459 1137 3528 aliorum
1149 3482 1266 3528 exem·

147 3573 231 3666 plis,
251 3575 388 3667 proprii
418 3576 551 3667 ingenii
577 3576 698 3667 vigore
713 3577 749 3645 in
767 3576 925 3646 carmina
941 3594 1144 3667 erumpant.
1171 3576 1266 3648 Cum

146 3690 244 3759 enim
262 3691 413 3782 lyricum
429 3690 597 3782 spiritum
614 3714 686 3761 non
710 3692 779 3761 sibi
798 3693 921 3762 deesse
938 3691 1098 3783 quidem,
1112 3694 1173 3762 sed
1190 3715 1265 3762 me·

145 3804 336 3876 diocritate
352 3805 510 3897 quadam
531 3807 708 3876 contineri
733 3807 919 3893 intellexit,
944 3824 1022 3877 tum
1055 3831 1200 3899 quoque
1221 3808 1266 3876 ab

147 3921 209 3989 illa
225 3922 485 3992 consuetudine
504 3946 576 3992 non
590 3925 831 3993 recedendum
846 3925 997 4010 censuit,
1017 3948 1087 4016 qua
1103 3949 1121 3994 a
1138 3924 1266 4016 primis

147 4039 231 4106 inde
252 4038 451 4108 litterarum
472 4039 665 4109 latinarum
693 4039 807 4109 initiis
836 4041 974 4111 romani
1003 4042 1196 4133 scriptores
1221 4042 1266 4111 ad

148 4152 358 4224 Graecorum
392 4177 557 4226 normam
578 4178 686 4226 suum
722 4156 1032 4227 conformaveram
1063 4158 1263 4250 ingenium.
