<?xml version="1.0" encoding="UTF-8"?>
<!DOCTYPE html PUBLIC "-//W3C//DTD XHTML 1.0 Transitional//EN"
    "http://www.w3.org/TR/xhtml1/DTD/xhtml1-transitional.dtd">
<html xmlns="http://www.w3.org/1999/xhtml" xml:lang="en" lang="en">
 <head>
  <title>
</title>
<meta http-equiv="Content-Type" content="text/html;charset=utf-8" />
  <meta name='ocr-system' content='tesseract 3.04.00' />
  <meta name='ocr-capabilities' content='ocr_page ocr_carea ocr_par ocr_line ocrx_word'/>
</head>
<body>
  <div class='ocr_page' id='page_1' title='image "./quidvereromanum00devagoog_0044.png"; bbox 0 0 2970 5280; ppageno 0'>
   <div class='ocr_carea' id='block_1_1' title="bbox 605 1130 880 1216">
    <p class='ocr_par' dir='ltr' id='par_1_1' title="bbox 605 1130 880 1216">
     <span class='ocr_line' id='line_1_1' title="bbox 605 1130 880 1216; baseline 0.011 -3"><span class='ocrx_word' id='word_1_1' title='bbox 605 1130 808 1216; x_wconf 78' lang='lat' dir='ltr'>CAPUT</span> <span class='ocrx_word' id='word_1_2' title='bbox 844 1133 880 1216; x_wconf 95' lang='lat' dir='ltr'>ll</span> 
     </span>
    </p>
   </div>
   <div class='ocr_carea' id='block_1_2' title="bbox 225 1651 1255 1816">
    <p class='ocr_par' dir='ltr' id='par_1_2' title="bbox 225 1651 1255 1816">
     <span class='ocr_line' id='line_1_2' title="bbox 225 1651 1255 1708; baseline 0.012 -12"><span class='ocrx_word' id='word_1_3' title='bbox 225 1651 394 1708; x_wconf 87' lang='lat' dir='ltr'><strong>QUOMODO</strong></span> <span class='ocrx_word' id='word_1_4' title='bbox 427 1655 461 1700; x_wconf 92' lang='lat' dir='ltr'>lN</span> <span class='ocrx_word' id='word_1_5' title='bbox 493 1656 623 1703; x_wconf 85' lang='lat' dir='ltr'>LYRlClS</span> <span class='ocrx_word' id='word_1_6' title='bbox 657 1658 861 1706; x_wconf 84' lang='lat' dir='ltr'><strong>CARMINIBUS</strong></span> <span class='ocrx_word' id='word_1_7' title='bbox 893 1661 1013 1707; x_wconf 86' lang='lat' dir='ltr'><strong>ROMAM</strong></span> <span class='ocrx_word' id='word_1_8' title='bbox 1043 1663 1084 1708; x_wconf 89' lang='lat' dir='ltr'>ET</span> <span class='ocrx_word' id='word_1_9' title='bbox 1114 1663 1255 1708; x_wconf 81' lang='lat' dir='ltr'>lTALlAM</span> 
     </span>
     <span class='ocr_line' id='line_1_3' title="bbox 523 1765 957 1816; baseline 0.012 -7"><span class='ocrx_word' id='word_1_10' title='bbox 523 1765 695 1812; x_wconf 86' lang='lat' dir='ltr'><strong>HORATIUS</strong></span> <span class='ocrx_word' id='word_1_11' title='bbox 722 1767 957 1816; x_wconf 83' lang='lat' dir='ltr'>DESCRIPSERIT</span> 
     </span>
    </p>
   </div>
   <div class='ocr_carea' id='block_1_3' title="bbox 178 1937 1301 2003">
    <p class='ocr_par' dir='ltr' id='par_1_3' title="bbox 178 1937 1301 2003">
     <span class='ocr_line' id='line_1_4' title="bbox 178 1937 1301 2003; baseline 0.007 -19"><span class='ocrx_word' id='word_1_12' title='bbox 178 1937 197 1985; x_wconf 92' lang='lat' dir='ltr'>l.</span> <span class='ocrx_word' id='word_1_13' title='bbox 216 1937 310 1998; x_wconf 86' lang='lat' dir='ltr'>Quam</span> <span class='ocrx_word' id='word_1_14' title='bbox 324 1937 499 1988; x_wconf 87' lang='lat' dir='ltr'>describendi</span> <span class='ocrx_word' id='word_1_15' title='bbox 516 1941 651 1990; x_wconf 92' lang='lat' dir='ltr'>rationem</span> <span class='ocrx_word' id='word_1_16' title='bbox 667 1940 833 1992; x_wconf 83' lang='lat' dir='ltr'>adhibuerit.</span> <span class='ocrx_word' id='word_1_17' title='bbox 850 1969 881 1980; x_wconf 91' lang='lat'><em>-</em></span> <span class='ocrx_word' id='word_1_18' title='bbox 899 1943 933 1994; x_wconf 89' lang='lat' dir='ltr'>ll.</span> <span class='ocrx_word' id='word_1_19' title='bbox 954 1943 1098 2003; x_wconf 87' lang='lat' dir='ltr'>Quomodo</span> <span class='ocrx_word' id='word_1_20' title='bbox 1118 1945 1179 1994; x_wconf 91' lang='lat' dir='ltr'>loca</span> <span class='ocrx_word' id='word_1_21' title='bbox 1199 1943 1301 1993; x_wconf 88' lang='lat' dir='ltr'>descri-</span> 
     </span>
    </p>
   </div>
   <div class='ocr_carea' id='block_1_4' title="bbox 210 2018 1299 2167">
    <p class='ocr_par' dir='ltr' id='par_1_4' title="bbox 210 2018 1299 2167">
     <span class='ocr_line' id='line_1_5' title="bbox 210 2018 1299 2086; baseline 0.006 -21"><span class='ocrx_word' id='word_1_22' title='bbox 210 2018 308 2082; x_wconf 89' lang='lat' dir='ltr'>pserit.</span> <span class='ocrx_word' id='word_1_23' title='bbox 323 2045 354 2055; x_wconf 91' lang='lat'>-</span> <span class='ocrx_word' id='word_1_24' title='bbox 372 2018 418 2067; x_wconf 92' lang='lat' dir='ltr'>lll.</span> <span class='ocrx_word' id='word_1_25' title='bbox 438 2019 587 2078; x_wconf 90' lang='lat' dir='ltr'>Quomodo</span> <span class='ocrx_word' id='word_1_26' title='bbox 605 2036 696 2071; x_wconf 89' lang='lat' dir='ltr'>mores</span> <span class='ocrx_word' id='word_1_27' title='bbox 712 2037 718 2070; x_wconf 75' lang='grc' dir='ltr'><strong>ε</strong></span> <span class='ocrx_word' id='word_1_28' title='bbox 735 2023 857 2084; x_wconf 89' lang='lat' dir='ltr'>comitia,</span> <span class='ocrx_word' id='word_1_29' title='bbox 874 2023 990 2073; x_wconf 91' lang='lat' dir='ltr'>deorum</span> <span class='ocrx_word' id='word_1_30' title='bbox 1012 2025 1128 2086; x_wconf 89' lang='lat' dir='ltr'>cultum,</span> <span class='ocrx_word' id='word_1_31' title='bbox 1150 2037 1299 2073; x_wconf 89' lang='lat' dir='ltr'>romanum</span> 
     </span>
     <span class='ocr_line' id='line_1_6' title="bbox 211 2097 803 2167; baseline 0.012 -22"><span class='ocrx_word' id='word_1_32' title='bbox 211 2097 319 2160; x_wconf 85' lang='lat' dir='ltr'>luxum,</span> <span class='ocrx_word' id='word_1_33' title='bbox 336 2113 482 2150; x_wconf 85' lang='lat' dir='ltr'>romanam</span> <span class='ocrx_word' id='word_1_34' title='bbox 498 2101 615 2151; x_wconf 92' lang='lat' dir='ltr'>domum</span> <span class='ocrx_word' id='word_1_35' title='bbox 630 2103 803 2167; x_wconf 84' lang='lat' dir='ltr'>expresserit.</span> 
     </span>
    </p>
   </div>
   <div class='ocr_carea' id='block_1_5' title="bbox 179 2289 1300 4238">
    <p class='ocr_par' dir='ltr' id='par_1_5' title="bbox 179 2289 1300 4238">
     <span class='ocr_line' id='line_1_7' title="bbox 224 2289 1300 2380; baseline 0.005 -25"><span class='ocrx_word' id='word_1_36' title='bbox 224 2289 254 2356; x_wconf 93' lang='grc' dir='ltr'>Ι.</span> <span class='ocrx_word' id='word_1_37' title='bbox 282 2290 380 2356; x_wconf 91' lang='lat' dir='ltr'>lnter</span> <span class='ocrx_word' id='word_1_38' title='bbox 410 2312 536 2357; x_wconf 88' lang='lat' dir='ltr'>ornnes</span> <span class='ocrx_word' id='word_1_39' title='bbox 565 2290 787 2380; x_wconf 87' lang='lat' dir='ltr'>poeticarum</span> <span class='ocrx_word' id='word_1_40' title='bbox 825 2314 946 2361; x_wconf 89' lang='lat' dir='ltr'>rerum</span> <span class='ocrx_word' id='word_1_41' title='bbox 980 2294 1034 2360; x_wconf 90' lang='lat' dir='ltr'>vel</span> <span class='ocrx_word' id='word_1_42' title='bbox 1070 2292 1300 2360; x_wconf 87' lang='lat' dir='ltr'>mediocriter</span> 
     </span>
     <span class='ocr_line' id='line_1_8' title="bbox 180 2405 1298 2499; baseline 0.002 -28"><span class='ocrx_word' id='word_1_43' title='bbox 180 2405 315 2493; x_wconf 90' lang='lat' dir='ltr'>peritos</span> <span class='ocrx_word' id='word_1_44' title='bbox 330 2405 418 2474; x_wconf 93' lang='lat' dir='ltr'>illud</span> <span class='ocrx_word' id='word_1_45' title='bbox 430 2424 510 2474; x_wconf 87' lang='lat' dir='ltr'>ante</span> <span class='ocrx_word' id='word_1_46' title='bbox 524 2407 645 2475; x_wconf 92' lang='lat' dir='ltr'>omnia</span> <span class='ocrx_word' id='word_1_47' title='bbox 662 2426 814 2492; x_wconf 88' lang='lat' dir='ltr'>constat,</span> <span class='ocrx_word' id='word_1_48' title='bbox 828 2408 973 2498; x_wconf 86' lang='lat' dir='ltr'>lyricam</span> <span class='ocrx_word' id='word_1_49' title='bbox 988 2408 1127 2499; x_wconf 90' lang='lat' dir='ltr'>poesim</span> <span class='ocrx_word' id='word_1_50' title='bbox 1141 2431 1160 2476; x_wconf 90' lang='lat' dir='ltr'>a</span> <span class='ocrx_word' id='word_1_51' title='bbox 1172 2407 1298 2476; x_wconf 88' lang='lat' dir='ltr'>ceteris</span> 
     </span>
     <span class='ocr_line' id='line_1_9' title="bbox 179 2521 1298 2615; baseline 0.002 -27"><span class='ocrx_word' id='word_1_52' title='bbox 179 2521 298 2610; x_wconf 88' lang='lat' dir='ltr'>poesis</span> <span class='ocrx_word' id='word_1_53' title='bbox 324 2521 516 2615; x_wconf 85' lang='lat' dir='ltr'>generibus</span> <span class='ocrx_word' id='word_1_54' title='bbox 544 2544 584 2590; x_wconf 90' lang='lat' dir='ltr'>eo</span> <span class='ocrx_word' id='word_1_55' title='bbox 611 2524 811 2612; x_wconf 82' lang='lat' dir='ltr'>praesertim</span> <span class='ocrx_word' id='word_1_56' title='bbox 841 2524 994 2609; x_wconf 88' lang='lat' dir='ltr'>differre,</span> <span class='ocrx_word' id='word_1_57' title='bbox 1023 2525 1121 2614; x_wconf 90' lang='lat' dir='ltr'>quod</span> <span class='ocrx_word' id='word_1_58' title='bbox 1153 2523 1298 2614; x_wconf 89' lang='lat' dir='ltr'>proprio</span> 
     </span>
     <span class='ocr_line' id='line_1_10' title="bbox 179 2637 1298 2730; baseline 0.004 -26"><span class='ocrx_word' id='word_1_59' title='bbox 179 2637 341 2723; x_wconf 87' lang='lat' dir='ltr'>nomine,</span> <span class='ocrx_word' id='word_1_60' title='bbox 358 2637 531 2728; x_wconf 89' lang='lat' dir='ltr'>quicquid</span> <span class='ocrx_word' id='word_1_61' title='bbox 551 2640 694 2729; x_wconf 77' lang='lat' dir='ltr'>cogitet,</span> <span class='ocrx_word' id='word_1_62' title='bbox 712 2639 841 2709; x_wconf 87' lang='lat' dir='ltr'>sentiat</span> <span class='ocrx_word' id='word_1_63' title='bbox 863 2657 897 2708; x_wconf 88' lang='lat' dir='ltr'>et</span> <span class='ocrx_word' id='word_1_64' title='bbox 924 2640 1019 2725; x_wconf 87' lang='lat' dir='ltr'>velit,</span> <span class='ocrx_word' id='word_1_65' title='bbox 1044 2656 1148 2730; x_wconf 91' lang='lat' dir='ltr'>poeta</span> <span class='ocrx_word' id='word_1_66' title='bbox 1173 2640 1298 2730; x_wconf 88' lang='lat' dir='ltr'>loqua-</span> 
     </span>
     <span class='ocr_line' id='line_1_11' title="bbox 179 2754 1298 2844; baseline 0 -23"><span class='ocrx_word' id='word_1_67' title='bbox 179 2771 250 2839; x_wconf 85' lang='lat' dir='ltr'>tur,</span> <span class='ocrx_word' id='word_1_68' title='bbox 272 2754 424 2844; x_wconf 88' lang='lat' dir='ltr'>ideoque</span> <span class='ocrx_word' id='word_1_69' title='bbox 444 2755 541 2823; x_wconf 89' lang='lat' dir='ltr'>illam</span> <span class='ocrx_word' id='word_1_70' title='bbox 564 2755 861 2824; x_wconf 84' lang='lat' dir='ltr'>arecentioribus</span> <span class='ocrx_word' id='word_1_71' title='bbox 881 2755 1065 2824; x_wconf 88' lang='lat' dir='ltr'>nonnullis</span> <span class='ocrx_word' id='word_1_72' title='bbox 1084 2755 1298 2823; x_wconf 89' lang='lat' dir='ltr'>insolentius</span> 
     </span>
     <span class='ocr_line' id='line_1_12' title="bbox 179 2869 1297 2961; baseline 0 -24"><span class='ocrx_word' id='word_1_73' title='bbox 179 2869 339 2959; x_wconf 84' lang='lat' dir='ltr'>profecto</span> <span class='ocrx_word' id='word_1_74' title='bbox 364 2886 398 2937; x_wconf 91' lang='lat' dir='ltr'>et</span> <span class='ocrx_word' id='word_1_75' title='bbox 419 2871 567 2939; x_wconf 84' lang='lat' dir='ltr'>barbare</span> <span class='ocrx_word' id='word_1_76' title='bbox 594 2870 717 2954; x_wconf 79' lang='lat' dir='ltr'>nimis,</span> <span class='ocrx_word' id='word_1_77' title='bbox 746 2889 865 2940; x_wconf 89' lang='lat' dir='ltr'>tamen</span> <span class='ocrx_word' id='word_1_78' title='bbox 894 2871 1155 2961; x_wconf 87' lang='lat' dir='ltr'>significantius</span> <span class='ocrx_word' id='word_1_79' title='bbox 1179 2870 1297 2938; x_wconf 85' lang='lat' dir='ltr'>vocari</span> 
     </span>
     <span class='ocr_line' id='line_1_13' title="bbox 180 2985 1299 3080; baseline 0 -27"><span class='ocrx_word' id='word_1_80' title='bbox 180 2985 321 3075; x_wconf 88' lang='lat' dir='ltr'>poesim</span> <span class='ocrx_word' id='word_1_81' title='bbox 335 2987 489 3054; x_wconf 86' lang='lat' dir='ltr'>maxime</span> <span class='ocrx_word' id='word_1_82' title='bbox 506 2987 671 3056; x_wconf 90' lang='lat' dir='ltr'>omnium</span> <span class='ocrx_word' id='word_1_83' title='bbox 686 2988 924 3080; x_wconf 79' lang='lat' dir='ltr'>subjectivum.</span> <span class='ocrx_word' id='word_1_84' title='bbox 939 2989 1015 3056; x_wconf 91' lang='lat' dir='ltr'>Nec</span> <span class='ocrx_word' id='word_1_85' title='bbox 1031 2987 1129 3054; x_wconf 89' lang='lat' dir='ltr'>enim</span> <span class='ocrx_word' id='word_1_86' title='bbox 1144 2987 1299 3054; x_wconf 88' lang='lat' dir='ltr'>aliorum</span> 
     </span>
     <span class='ocr_line' id='line_1_14' title="bbox 180 3102 1298 3193; baseline 0 -24"><span class='ocrx_word' id='word_1_87' title='bbox 180 3120 291 3193; x_wconf 74' lang='lat' dir='ltr'>gesta,</span> <span class='ocrx_word' id='word_1_88' title='bbox 320 3102 505 3192; x_wconf 88' lang='lat' dir='ltr'>epicorum</span> <span class='ocrx_word' id='word_1_89' title='bbox 528 3125 642 3189; x_wconf 88' lang='lat' dir='ltr'>more,</span> <span class='ocrx_word' id='word_1_90' title='bbox 665 3126 820 3188; x_wconf 85' lang='lat' dir='ltr'>narrare,</span> <span class='ocrx_word' id='word_1_91' title='bbox 842 3126 957 3193; x_wconf 90' lang='lat' dir='ltr'>neque</span> <span class='ocrx_word' id='word_1_92' title='bbox 984 3104 1019 3170; x_wconf 91' lang='lat' dir='ltr'>in</span> <span class='ocrx_word' id='word_1_93' title='bbox 1046 3124 1199 3170; x_wconf 79' lang='lat' dir='ltr'>scaenam</span> <span class='ocrx_word' id='word_1_94' title='bbox 1219 3123 1298 3190; x_wconf 90' lang='lat' dir='ltr'>per-</span> 
     </span>
     <span class='ocr_line' id='line_1_15' title="bbox 181 3217 1299 3311; baseline -0.001 -26"><span class='ocrx_word' id='word_1_95' title='bbox 181 3240 287 3286; x_wconf 88' lang='lat' dir='ltr'>sonas</span> <span class='ocrx_word' id='word_1_96' title='bbox 324 3219 411 3286; x_wconf 87' lang='lat' dir='ltr'>alias</span> <span class='ocrx_word' id='word_1_97' title='bbox 441 3237 585 3308; x_wconf 87' lang='lat' dir='ltr'>agentes</span> <span class='ocrx_word' id='word_1_98' title='bbox 620 3221 800 3305; x_wconf 88' lang='lat' dir='ltr'>inducere,</span> <span class='ocrx_word' id='word_1_99' title='bbox 836 3220 1023 3311; x_wconf 85' lang='lat' dir='ltr'>proprium</span> <span class='ocrx_word' id='word_1_100' title='bbox 1057 3217 1156 3308; x_wconf 85' lang='lat' dir='ltr'>lyrici</span> <span class='ocrx_word' id='word_1_101' title='bbox 1185 3234 1299 3308; x_wconf 80' lang='lat' dir='ltr'>poetae</span> 
     </span>
     <span class='ocr_line' id='line_1_16' title="bbox 181 3335 1298 3425; baseline -0.002 -22"><span class='ocrx_word' id='word_1_102' title='bbox 181 3358 315 3403; x_wconf 90' lang='lat' dir='ltr'>munus</span> <span class='ocrx_word' id='word_1_103' title='bbox 331 3353 384 3404; x_wconf 90' lang='lat' dir='ltr'>est</span> <span class='ocrx_word' id='word_1_104' title='bbox 400 3353 434 3404; x_wconf 92' lang='lat' dir='ltr'>et</span> <span class='ocrx_word' id='word_1_105' title='bbox 452 3336 628 3420; x_wconf 81' lang='lat' dir='ltr'>officium3</span> <span class='ocrx_word' id='word_1_106' title='bbox 652 3337 713 3405; x_wconf 87' lang='lat' dir='ltr'>sed</span> <span class='ocrx_word' id='word_1_107' title='bbox 736 3336 811 3425; x_wconf 92' lang='lat' dir='ltr'>ipse</span> <span class='ocrx_word' id='word_1_108' title='bbox 829 3337 926 3404; x_wconf 90' lang='lat' dir='ltr'>velut</span> <span class='ocrx_word' id='word_1_109' title='bbox 946 3335 982 3403; x_wconf 93' lang='lat' dir='ltr'>in</span> <span class='ocrx_word' id='word_1_110' title='bbox 1004 3356 1158 3402; x_wconf 84' lang='lat' dir='ltr'>scaenam</span> <span class='ocrx_word' id='word_1_111' title='bbox 1175 3356 1298 3402; x_wconf 89' lang='lat' dir='ltr'>ascen-</span> 
     </span>
     <span class='ocr_line' id='line_1_17' title="bbox 180 3452 1299 3543; baseline -0.002 -24"><span class='ocrx_word' id='word_1_112' title='bbox 180 3452 246 3535; x_wconf 84' lang='lat' dir='ltr'>dit,</span> <span class='ocrx_word' id='word_1_113' title='bbox 264 3470 474 3541; x_wconf 88' lang='lat' dir='ltr'>servataque</span> <span class='ocrx_word' id='word_1_114' title='bbox 492 3452 635 3542; x_wconf 86' lang='lat' dir='ltr'>propria</span> <span class='ocrx_word' id='word_1_115' title='bbox 651 3475 818 3543; x_wconf 72' lang='lat' dir='ltr'>persona,</span> <span class='ocrx_word' id='word_1_116' title='bbox 836 3452 999 3542; x_wconf 90' lang='lat' dir='ltr'>proprias</span> <span class='ocrx_word' id='word_1_117' title='bbox 1015 3473 1160 3541; x_wconf 87' lang='lat' dir='ltr'>quoque</span> <span class='ocrx_word' id='word_1_118' title='bbox 1183 3467 1299 3540; x_wconf 87' lang='lat' dir='ltr'>partes</span> 
     </span>
     <span class='ocr_line' id='line_1_18' title="bbox 180 3565 1299 3659; baseline -0.003 -24"><span class='ocrx_word' id='word_1_119' title='bbox 180 3568 262 3656; x_wconf 87' lang='lat' dir='ltr'>agit.</span> <span class='ocrx_word' id='word_1_120' title='bbox 280 3569 368 3636; x_wconf 92' lang='lat' dir='ltr'>Inde</span> <span class='ocrx_word' id='word_1_121' title='bbox 384 3570 422 3635; x_wconf 87' lang='lat' dir='ltr'>lit</span> <span class='ocrx_word' id='word_1_122' title='bbox 438 3584 477 3636; x_wconf 94' lang='lat' dir='ltr'>ut</span> <span class='ocrx_word' id='word_1_123' title='bbox 494 3570 529 3636; x_wconf 92' lang='lat' dir='ltr'>in</span> <span class='ocrx_word' id='word_1_124' title='bbox 542 3568 656 3659; x_wconf 93' lang='lat' dir='ltr'>ipsius</span> <span class='ocrx_word' id='word_1_125' title='bbox 671 3569 841 3659; x_wconf 90' lang='lat' dir='ltr'>operibus</span> <span class='ocrx_word' id='word_1_126' title='bbox 852 3590 978 3637; x_wconf 88' lang='lat' dir='ltr'>eorum</span> <span class='ocrx_word' id='word_1_127' title='bbox 990 3568 1153 3635; x_wconf 90' lang='lat' dir='ltr'>locorum</span> <span class='ocrx_word' id='word_1_128' title='bbox 1162 3565 1299 3635; x_wconf 91' lang='lat' dir='ltr'>mentio</span> 
     </span>
     <span class='ocr_line' id='line_1_19' title="bbox 180 3682 1299 3776; baseline -0.002 -25"><span class='ocrx_word' id='word_1_129' title='bbox 180 3702 213 3752; x_wconf 91' lang='lat' dir='ltr'>et</span> <span class='ocrx_word' id='word_1_130' title='bbox 227 3684 421 3775; x_wconf 90' lang='lat' dir='ltr'>descriptio</span> <span class='ocrx_word' id='word_1_131' title='bbox 434 3706 591 3776; x_wconf 84' lang='lat' dir='ltr'>persaepe</span> <span class='ocrx_word' id='word_1_132' title='bbox 608 3684 823 3769; x_wconf 86' lang='lat' dir='ltr'>inveniatur,</span> <span class='ocrx_word' id='word_1_133' title='bbox 842 3683 878 3751; x_wconf 93' lang='lat' dir='ltr'>in</span> <span class='ocrx_word' id='word_1_134' title='bbox 896 3683 1028 3774; x_wconf 90' lang='lat' dir='ltr'>quibus</span> <span class='ocrx_word' id='word_1_135' title='bbox 1042 3701 1146 3751; x_wconf 86' lang='lat' dir='ltr'>natus</span> <span class='ocrx_word' id='word_1_136' title='bbox 1163 3698 1197 3750; x_wconf 90' lang='lat' dir='ltr'>et</span> <span class='ocrx_word' id='word_1_137' title='bbox 1213 3682 1299 3750; x_wconf 91' lang='lat' dir='ltr'>edu·</span> 
     </span>
     <span class='ocr_line' id='line_1_20' title="bbox 181 3797 1299 3891; baseline -0.003 -23"><span class='ocrx_word' id='word_1_138' title='bbox 181 3818 293 3885; x_wconf 87' lang='lat' dir='ltr'>catus,</span> <span class='ocrx_word' id='word_1_139' title='bbox 313 3801 503 3891; x_wconf 89' lang='lat' dir='ltr'>variosque</span> <span class='ocrx_word' id='word_1_140' title='bbox 523 3818 556 3868; x_wconf 92' lang='lat' dir='ltr'>et</span> <span class='ocrx_word' id='word_1_141' title='bbox 582 3800 798 3891; x_wconf 80' lang='lat' dir='ltr'>multiplices</span> <span class='ocrx_word' id='word_1_142' title='bbox 827 3799 1015 3869; x_wconf 86' lang='lat' dir='ltr'>cotidianae</span> <span class='ocrx_word' id='word_1_143' title='bbox 1048 3798 1128 3868; x_wconf 89' lang='lat' dir='ltr'>vitae</span> <span class='ocrx_word' id='word_1_144' title='bbox 1153 3797 1299 3866; x_wconf 86' lang='lat' dir='ltr'>affectus</span> 
     </span>
     <span class='ocr_line' id='line_1_21' title="bbox 181 3913 1299 4007; baseline -0.003 -22"><span class='ocrx_word' id='word_1_145' title='bbox 181 3932 347 4007; x_wconf 86' lang='lat' dir='ltr'>expertus</span> <span class='ocrx_word' id='word_1_146' title='bbox 366 3935 431 3999; x_wconf 83' lang='lat' dir='ltr'>est,</span> <span class='ocrx_word' id='word_1_147' title='bbox 449 3917 496 3985; x_wconf 91' lang='lat' dir='ltr'>ita</span> <span class='ocrx_word' id='word_1_148' title='bbox 513 3934 551 3985; x_wconf 90' lang='lat' dir='ltr'>ut</span> <span class='ocrx_word' id='word_1_149' title='bbox 566 3925 690 3997; x_wconf 85' lang='lat' dir='ltr'>eadem</span> <span class='ocrx_word' id='word_1_150' title='bbox 706 3939 827 4006; x_wconf 89' lang='lat' dir='ltr'>opera,</span> <span class='ocrx_word' id='word_1_151' title='bbox 844 3915 1153 4004; x_wconf 88' lang='lat' dir='ltr'>quemadmodum</span> <span class='ocrx_word' id='word_1_152' title='bbox 1170 3913 1299 3983; x_wconf 79' lang='lat' dir='ltr'>nativa</span> 
     </span>
     <span class='ocr_line' id='line_1_22' title="bbox 183 4032 1300 4125; baseline -0.003 -25"><span class='ocrx_word' id='word_1_153' title='bbox 183 4051 296 4124; x_wconf 87' lang='lat' dir='ltr'>poetae</span> <span class='ocrx_word' id='word_1_154' title='bbox 320 4032 466 4118; x_wconf 89' lang='lat' dir='ltr'>indolis,</span> <span class='ocrx_word' id='word_1_155' title='bbox 492 4032 542 4100; x_wconf 92' lang='lat' dir='ltr'>sic</span> <span class='ocrx_word' id='word_1_156' title='bbox 566 4033 681 4125; x_wconf 92' lang='lat' dir='ltr'>ipsius</span> <span class='ocrx_word' id='word_1_157' title='bbox 699 4032 822 4122; x_wconf 89' lang='lat' dir='ltr'>patriae</span> <span class='ocrx_word' id='word_1_158' title='bbox 849 4032 1103 4100; x_wconf 88' lang='lat' dir='ltr'>fidelissimum</span> <span class='ocrx_word' id='word_1_159' title='bbox 1127 4048 1300 4119; x_wconf 89' lang='lat' dir='ltr'>tanquam</span> 
     </span>
     <span class='ocr_line' id='line_1_23' title="bbox 184 4147 1299 4238; baseline -0.001 -24"><span class='ocrx_word' id='word_1_160' title='bbox 184 4148 370 4238; x_wconf 90' lang='lat' dir='ltr'>speculum</span> <span class='ocrx_word' id='word_1_161' title='bbox 387 4149 570 4217; x_wconf 85' lang='lat' dir='ltr'>exsistant.</span> <span class='ocrx_word' id='word_1_162' title='bbox 598 4147 716 4220; x_wconf 89' lang='lat' dir='ltr'>Simili</span> <span class='ocrx_word' id='word_1_163' title='bbox 740 4170 887 4238; x_wconf 89' lang='lat' dir='ltr'>prorsus</span> <span class='ocrx_word' id='word_1_164' title='bbox 907 4147 1056 4229; x_wconf 85' lang='lat' dir='ltr'>ratione,</span> <span class='ocrx_word' id='word_1_165' title='bbox 1079 4148 1194 4236; x_wconf 87' lang='lat' dir='ltr'>ipsam</span> <span class='ocrx_word' id='word_1_166' title='bbox 1209 4163 1299 4214; x_wconf 87' lang='lat' dir='ltr'>tem·</span> 
     </span>
    </p>
   </div>
   <div class='ocr_carea' id='block_1_6' title="bbox 0 0 1493 5280">
    <p class='ocr_par' dir='ltr' id='par_1_6' title="bbox 0 0 1493 5280">
     <span class='ocr_line' id='line_1_24' title="bbox 0 0 1493 5280; baseline 0 0"><span class='ocrx_word' id='word_1_167' title='bbox 0 0 1493 5280; x_wconf 95' lang='lat' dir='ltr'> </span> 
     </span>
    </p>
   </div>
  </div>
 </body>
</html>
