2970 5280
572 564 614 576 ..
642 524 684 593 33
709 564 753 576 -

106 665 257 735 meritus
283 683 336 735 est
355 666 530 736 Horatius
552 684 591 735 ut
605 667 880 758 apud‘posteros
900 688 1131 737 communem
1148 690 1227 737 earn

106 782 252 850 laudern
273 804 357 850 cum
374 782 535 873 Vergilio
559 782 718 868 haberet,
736 784 833 873 quod
855 782 1069 853 Latinorum
1091 807 1230 853 sermo-

106 919 190 967 nem
214 898 396 987 poeticum
428 899 535 967 ambo
574 900 797 983 adauxerint,
840 899 948 967 ambo
974 901 1017 968 ad
1045 923 1230 969 summum

105 1014 325 1082 doctissimae
343 1015 528 1105 elegantiae
549 1015 732 1105 fastigium
751 1015 990 1105 provexerint.

150 1132 214 1199 VI.
241 1133 294 1198 Ac
319 1130 439 1199 nescio
465 1155 508 1199 an
533 1132 648 1222 magis
674 1132 780 1200 etiam
806 1154 914 1221 quam
941 1134 1160 1201 Mantuanus
1185 1133 1229 1202 ad

105 1246 306 1337 profectum
330 1245 433 1315 illum
461 1248 653 1316 contulerit
677 1247 900 1332 Venusinus,
924 1270 1033 1337 quem
1059 1247 1153 1317 inter
1172 1271 1231 1316 va-

105 1362 244 1430 riorum
262 1379 461 1431 metrorum
483 1363 667 1454 angustias
688 1380 886 1432 coartatum
904 1386 1048 1431 summo
1066 1387 1173 1454 opere
1192 1365 1228 1431 in

105 1479 268 1548 oratione
291 1479 335 1547 ad
362 1502 503 1549 severas
526 1480 644 1570 lyricae
671 1480 788 1570 poesis
810 1480 904 1570 leges
921 1481 1087 1570 fingenda
1108 1481 1232 1549 elab0-·

104 1617 182 1664 rare
203 1595 415 1686 oportuerit.
440 1596 565 1665 Brevis
587 1596 685 1664 enim
707 1596 877 1665 carminis
898 1596 1082 1680 circuitus,
1110 1597 1227 1666 brevis

106 1713 268 1801 stropha,
294 1712 411 1780 brevis
430 1735 555 1781 versus
573 1735 679 1803 quam
701 1711 893 1781 minimum
913 1713 1078 1781 sollemni
1104 1730 1227 1802 poeta·
1254 1753 1259 1761 ·

107 1850 189 1895 rum
223 1828 376 1896 licentiae
407 1829 633 1919 permittunt,
668 1851 783 1918 neque
820 1830 935 1897 ullum
971 1829 1041 1896 fere
1072 1829 1228 1917 pretium

105 1943 376 2027 nanciscuntur,
395 1944 462 2012 nisi
481 1945 604 2013 subtili
628 1945 802 2035 elegantia
825 1943 1056 2035 potissimum
1072 1944 1226 2014 valeant.

152 2059 244 2148 Quis
262 2082 345 2129 vero
364 2061 477 2128 nescit
493 2060 703 2129 doctissima
719 2078 918 2129 metrorum
938 2077 971 2128 et
995 2062 1228 2150 stropharum

106 2177 280 2245 varietate
297 2176 493 2245 Horatium
516 2177 644 2244 merito
671 2176 805 2266 primas
830 2175 923 2244 inter
944 2199 1004 2244 eos
1027 2177 1228 2245 obtinuisse

106 2293 169 2382 qui
189 2291 403 2361 Latinorum
424 2315 498 2361 rem
515 2293 701 2361 metricam
714 2292 876 2360 auxerint
893 2314 931 2360 ac
947 2292 1229 2382 perpoliverint?

106 2408 202 2500 Cum
228 2407 392 2479 Catullus
418 2409 609 2477 duodecim
638 2431 806 2477 versuum
830 2431 959 2499 genera
986 2408 1226 2491 adhibuisset,

105 2547 264 2616 quorum
292 2540 448 2613 quatuor
473 2525 636 2593 nondum
666 2525 806 2594 civitate
841 2547 989 2593 romana
1018 2525 1149 2592 donata
1174 2548 1227 2591 es·
1257 2573 1259 2578 ·

105 2658 185 2708 sent
202 2642 257 2730 (ι),
283 2641 456 2709 Horatius
473 2641 598 2732 viginti
624 2641 785 2731 quinque
803 2641 968 2709 versibus
989 2664 1077 2708 usus
1100 2659 1165 2722 est,
1187 2663 1227 2707 ex

104 2757 239 2847 quibus
254 2757 426 2826 tredecim
444 2757 584 2847 primus
602 2758 795 2847 protulisse
818 2758 961 2825 videtur
981 2758 1037 2844 (2),
1063 2757 1226 2845 stropha-

104 2895 185 2942 rum
201 2896 286 2941 vero
303 2891 497 2963 systemata
513 2873 763 2963 duodeviginti
790 2873 960 2941 confinxit
978 2891 1039 2941 aut
1055 2896 1074 2940 a
1093 2871 1228 2942 Graecis

105 2990 323 3078 desumpsit,
339 2989 545 3058 omniafere
561 2989 700 3059 Latinis
715 2989 832 3057 adhuc
846 2989 1031 3057 intentata.
1052 2989 1227 3078 Pleraque

105 3105 217 3195 igitur
234 3106 423 3175 AEolorum
442 3124 553 3174 metra
570 3127 729 3173 romanae
747 3108 831 3195 lyrae
849 3132 865 3167 «
882 3128 952 3173 non
968 3122 1049 3173 ante
1067 3105 1228 3195 vulgatas

106 3243 170 3311 per
185 3239 279 3291 artes
295 3223 339 3310 (3)
358 3249 374 3285 »
394 3221 542 3290 sociavit
560 3239 667 3311 atque
684 3221 924 3304 concinnavit,
941 3222 1021 3289 licet
1046 3243 1088 3288 ne
1112 3220 1227 3288 ullum

106 3335 254 3426 quidem
284 3336 477 3426 vestigium
507 3337 754 3428 operosissimi
785 3336 881 3404 illius
909 3336 1041 3404 laboris
1073 3335 1227 3426 reperire

103 3452 235 3542 possis,
252 3476 325 3544 quo
343 3455 514 3522 adversus
529 3453 739 3549 rigidiorem
754 3451 853 3520 latini
873 3451 1050 3520 sermonis
1067 3451 1227 3519 indolem

103 3568 387 3638 conflictandum
414 3570 492 3638 iuit.
522 3572 650 3659 Neque
679 3586 798 3638 tamen
825 3567 1033 3638 Graecorum
1055 3589 1227 3637 numeros

141 3820 179 3889 (ι)
201 3818 247 3876 Cf.
265 3819 382 3891 Couxr,
395 3819 446 3877 Et.
464 3835 516 3875 sur
532 3819 662 3885 Catulle,
678 3837 708 3892 p.
727 3820 790 3875 188.
1250 3873 1253 3878 ,

140 3910 181 3980 (2)
202 3907 249 3966 Cf.
268 3910 301 3965 L.
321 3910 484 3979 Mutarim,
500 3909 547 3964 De
567 3927 601 3965 re
622 3908 747 3964 metrica
770 3908 825 3965 lat.
851 3919 948 3981 poet„
971 3907 993 3962 l.
1012 3926 1022 3961 1
1044 3919 1072 3963 et
1095 3907 1226 3979 11(Lips.

107 3998 204 4066 1861).
221 4029 255 4038 -
269 3997 315 4055 Cf.
332 3997 468 4071 ejusdem
481 3997 628 4054 Libellum
644 3998 679 4052 de
693 3999 797 4053 metris
812 3996 989 4061 horatianis,
1007 3996 1037 4051 in
1052 3994 1123 4051 edit.
1142 3996 1225 4052 Hor.

103 4086 215 4143 Corm.
237 4086 332 4159 (Lips.
354 4088 446 4161 1877).

140 4175 180 4246 (3)
203 4175 309 4231 Corm.
324 4193 365 4240 rv,
384 4194 412 4248 9,
433 4176 459 4231 3.
1104 4261 1118 4316 3
