2970 5280
657 472 839 540 „13-

192 616 269 704 plur
282 615 350 682 sibi
366 613 573 681 Venusinus
593 613 797 703 proposuit,
825 613 927 682 illum
954 613 1092 683 Latinis
1119 614 1235 684 adhuc
1260 615 1316 684 in-

192 747 327 799 tactum
346 731 439 821 apud
457 732 643 799 Romanos
657 731 814 820 vulgavit
831 732 887 818 (r).
907 732 959 798 lta
971 731 1118 819 quidem
1131 732 1176 800 ab
1189 733 1312 801 Alcaeo

192 870 228 915 se
254 847 408 938 pendere
436 847 635 937 profitetur,
663 862 702 913 ut
722 867 825 915 suam
841 848 955 935 lyram
979 847 1163 915 Lesboum
1185 847 1313 938 barby·

192 981 251 1030 ton
275 964 337 1052 (a),
364 986 426 1030 sua
451 981 615 1053 poemata
643 960 789 1029 aeolium
817 981 959 1030 carmen
988 966 1032 1051 (3)
1050 963 1168 1054 palam
1185 986 1311 1034 vocare

192 1101 264 1146 non
287 1095 460 1147 vereatur.
490 1079 597 1147 Haud
621 1096 754 1147 temere
785 1078 978 1169 suspiceris
1004 1079 1094 1148 nihil
1111 1079 1179 1170 ipsi
1195 1080 1311 1170 magis
1374 1134 1376 1139 .

191 1194 226 1262 in
243 1195 334 1263 votis
353 1195 477 1280 fuisse,
501 1217 611 1285 quam
633 1212 671 1261 ut
688 1216 859 1263 romanus
881 1196 1023 1264 Alcaeus
1048 1193 1227 1264 diceretur
1248 1198 1308 1284 (4).
1409 1225 1412 1230 ·

236 1313 303 1380 Ill.
327 1313 408 1380 Jam
427 1333 510 1380 vero
528 1313 572 1380 ad
599 1311 635 1381 id
656 1309 886 1400 pervenimus
905 1327 945 1378 ut
970 1311 1206 1400 quaerendum
1232 1333 1310 1380 esse

189 1427 353 1495 videatur
386 1450 495 1518 quam
526 1426 692 1496 imitandi
729 1427 906 1496 rationem
939 1427 1157 1512 adhibuerit,
1186 1446 1310 1497 utrum

190 1543 278 1610 adeo
314 1544 481 1612 servilem
513 1561 552 1610 ut
579 1543 616 1610 in
642 1542 767 1612 multis
793 1541 1012 1611 carminibus
1044 1562 1156 1633 poetae
1185 1543 1308 1614 Lesbii

189 1657 395 1743 audiantur,
416 1639 460 1726 an
479 1658 527 1726 ita
545 1658 727 1727 liberalem
755 1674 793 1726 ut
816 1659 852 1726 in
881 1659 1009 1727 iisdem
1031 1681 1111 1727 vere
1137 1682 1309 1728 romanus

189 1772 316 1841 fidicen
344 1768 591 1864 permanserit.
621 1777 704 1844 Non
723 1773 914 1843 defuerunt
938 1775 1014 1865 qui,
1038 1798 1120 1844 cum
1143 1775 1308 1845 viderent

189 1887 347 1978 aliquam
368 1891 554 1982 stropham
566 1890 651 1959 satis
668 1889 820 1959 fideliter
836 1913 876 1958 ex
894 1892 1014 1984 Alcaeo
1031 1893 1084 1960 vel
1099 1891 1169 1960 alio
1187 1915 1311 1984 sump-

189 2021 275 2088 tam,
297 2007 469 2074 nonnulla
488 2006 626 2075 Horatii
646 2007 804 2075 carmina
817 2008 1077 2077 arbitrarentur
1093 2011 1137 2078 ad
1154 2010 1307 2078 verbum

188 2141 206 2186 e
225 2120 360 2190 Graecis
378 2144 556 2213 expressa,
581 2124 889 2212 quemadmodum
901 2124 1064 2194 Catullus
1076 2124 1309 2194 notissimum

189 2233 356 2326 Sapphus
377 2239 525 2307 odarion
541 2239 704 2307 vertisset
721 2242 779 2327 (5).
809 2239 954 2329 Quibus
979 2241 1111 2309 criticis
1136 2241 1165 2309 si
1198 2242 1308 2310 fidem

180 2352 331 2438 habeas,
360 2354 546 2435 Horatius,
567 2354 640 2423 sive
668 2354 823 2444 propriis
848 2356 975 2445 pennis
1002 2379 1129 2448 parum
1160 2357 1306 2442 fidebat,

186 2467 260 2535 sive
271 2490 475 2539 sermonem
487 2471 639 2540 latinum
657 2471 897 2540 horridiorem
911 2472 1028 2541 adhuc
1043 2473 1202 2541 emollire
1214 2476 1305 2542 etad

186 2609 309 2676 graecae
327 2588 500 2656 orationis
523 2586 730 2656 facilitatem
747 2588 923 2658 adducere
946 2590 1101 2674 volebat,
1123 2587 1243 2678 lyricis
1256 2591 1305 2658 ad

186 2704 335 2772 verbum
364 2703 545 2774 vertendis
577 2726 722 2772 suarum
750 2704 880 2773 virium
913 2705 1071 2795 primum
1102 2705 1306 2794 periculum

184 2818 279 2906 fecit,
298 2821 411 2887 donec
429 2819 577 2892 liberius
596 2820 810 2910 exemplaria
835 2819 1048 2904 imitaretur,
1071 2838 1104 2889 et
1131 2822 1175 2889 ad
1197 2843 1305 2911 argu-

148 2932 150 2936 ”
183 2953 304 3005 menta
327 2937 430 3027 plane
450 2958 598 3005 romana
613 2937 758 3004 tandem
776 2937 942 3006 evolaret.
963 2936 1109 3007 Nemini
1125 2937 1304 3026 unquam,

217 3203 257 3274 (r)
273 3202 371 3275 Epist.
389 3221 408 3266 r,
435 3220 477 3276 19.
497 3203 542 3260 33.

217 3292 254 3362 la)
269 3291 376 3348 Carm.
390 3310 409 3357 1,
426 3310 449 3358 r,
467 3291 521 3362 343
541 3291 585 3356 32,
601 3311 630 3362 4.

216 3381 252 3451 (3)
269 3380 375 3437 Carm.
394 3398 430 3445 tv,
450 3379 476 3449 3,
498 3399 541 3435 12.

214 3468 252 3541 (4)
275 3468 410 3524 Alcaeum
435 3468 587 3542 praecipue
602 3469 749 3542 imitatur,
769 3470 872 3526 Carm.
889 3491 908 3537 1,
925 3489 942 3544 9
954 3490 962 3542 3
985 3490 1032 3542 ¹43
1054 3474 1101 3544 183
1120 3472 1168 3546 37.

213 3558 252 3629 (5)
270 3558 314 3613 Ita
325 3571 520 3622 censuerunt,
536 3558 614 3614 inter
629 3559 717 3628 alios,
735 3561 940 3632 Thllnuorn,
954 3578 1001 3636 op.
1018 3579 1041 3620 c.
1057 3581 1084 3634 p.
1100 3565 1113 3619 5
1128 3581 1160 3618 :r
1177 3564 1299 3638 Integra

178 3648 355 3704 Graecorum
372 3660 549 3720 argumenta
575 3647 703 3705 reddere
729 3649 833 3722 coepit,
859 3662 980 3706 mutans
1005 3651 1079 3717 fere,
1104 3651 1128 3708 si
1151 3652 1226 3725 quid
1247 3666 1300 3711 aut

175 3736 356 3793 abhorreret
370 3737 407 3792 ab
424 3736 545 3810 ingenio
559 3737 671 3810 linguae
682 3737 795 3805 latinae,
810 3752 861 3795 aut
876 3739 1039 3812 aequalium
1057 3738 1177 3814 judiciis
1194 3741 1298 3799 minus

175 3827 365 3900 probaretur,
383 3838 434 3882 aut
449 3826 508 3900 ipsi
524 3839 623 3900 poetae
640 3825 830 3900 displiceret;
847 3850 860 3882 r
875 3861 909 3870 —
922 3829 1020 3887 David
1032 3831 1110 3896 Jam,
1126 3831 1206 3886 Hor.
1220 3831 1299 3889 Car-

177 3915 271 3978 mina,
294 3913 376 3988 Lips.
396 3915 477 3988 1809,
496 3929 519 3971 t.
550 3917 573 3988 l,
598 3935 627 3988 p.
653 3932 740 3981 curru
762 3949 795 3957 —
820 3904 1063 3984 Mrrscrrrrtrrcrr,
1088 3919 1172 3976 Hor.
1191 3937 1297 3995 opera,

177 4003 259 4078 Lips.
283 4003 364 4076 1800,
380 4016 406 4061 t.
426 4007 448 4060 l.
466 4023 493 4079 p.
508 4023 568 4076 x11;
582 4035 617 4047 -
633 4005 745 4075 Escae,
760 4007 945 4086 Prosopogr.
965 4008 1150 4079 Horatiana,
1167 4010 1296 4067 Amstel.

177 4093 259 4164 1846,
276 4111 306 4167 p.
330 4095 393 4164 524.
781 4106 784 4110 ’
