2970 5280
591 529 637 542 -
660 513 704 581 79
732 527 773 538 -

119 632 369 724 promptioris,
403 649 607 723 suspectam
641 631 785 716 habeas,
814 648 941 700 testem
970 654 1133 700 assumas
1161 633 1241 700 licet

120 750 277 818 Dionem
293 748 463 819 Cassium
480 750 539 836 (ι),
559 748 634 837 qui,
652 747 739 816 dum
753 747 869 815 fusius
883 749 1015 816 evolvit
1032 771 1111 838 quae
1125 771 1243 817 sense-

121 851 253 935 rintde
269 865 469 935 Octaviano
487 863 657 947 Romani,
676 863 809 954 quaein
831 865 906 953 ejus
924 866 1098 933 honorem
1123 866 1243 934 decre-

121 983 252 1065 verint,
284 981 437 1050 Horatio
465 981 731 1049 excusationem
760 1002 902 1071 parasse
933 981 1085 1049 videtur.
1117 985 1168 1049 Ac
1200 970 1243 1050 ne

122 1097 313 1166 historiam
339 1097 446 1166 toties
472 1114 723 1187 pertractatam
739 1114 894 1166 retexere
912 1097 1087 1181 dicamur,
1105 1121 1144 1165 ea
1165 1114 1242 1165 tan·

122 1233 201 1283 tum
227 1213 420 1304 seligemus
446 1235 540 1303 quae,
560 1232 599 1280 ut
619 1212 801 1282 Cassianae
822 1213 1038 1282 narrationis
1062 1236 1243 1281 summam

122 1330 321 1412 continent,
341 1330 388 1398 ita
417 1329 603 1421 proposito
628 1329 812 1419 aptissime
838 1330 1058 1398 conducunt.
1077 1371 1121 1380 -
1147 1332 1242 1399 Dum

123 1448 250 1515 Romae
275 1445 409 1517 Caesari
438 1445 645 1537 triumphus
674 1464 828 1536 paratur,
849 1446 872 1513 ii
891 1446 1031 1537 publice
1049 1466 1244 1537 eruperunt

123 1553 376 1631 Rornanorum
395 1586 535 1647 sensuS,
553 1580 725 1652 tanquam
751 1561 917 1630 omnium
941 1563 1120 1631 malorum
1143 1563 1243 1631 obli-

121 1682 344 1749 viscerentur
367 1682 434 1768 (a),
456 1698 563 1769 atque
587 1679 678 1748 inter
695 1702 821 1747 omnes
840 1679 994 1747 honores
1011 1702 1102 1768 quos
1117 1680 1242 1748 victori
1310 1708 1316 1721 ·

123 1797 208 1865 duci
230 1814 374 1865 senatus
396 1796 598 1886 impensius
618 1796 763 1880 obtulit,
780 1797 868 1863 illud
886 1796 1110 1886 peculiariter
1123 1798 1243 1865 decre-

114 1901 204 1981 ¹tum
233 1913 314 1997 fuit,
342 1931 382 1980 ut
408 1913 444 1980 in
473 1913 626 2001 hymnos
647 1913 742 1998 juxta
771 1934 853 1979 curn
884 1912 953 1979 diis
978 1911 1243 1980 immortalibus

123 2029 202 2120 ipse
231 2010 493 2096 adscriberetur
522 2029 577 2116 (3).
607 2027 698 2116 Quae
722 2050 804 2095 cum
831 2028 879 2096 ita
904 2051 940 2096 se
963 2028 1165 2112 habuerint,
1187 2018 1245 2096 viir

122 2145 216 2212 mihi
249 2162 446 2235 temperare
479 2167 628 2235 possum
659 2145 746 2233 quin
783 2144 1058 2231 injustissimam
1092 2146 1243 2214 Horatio

122 2260 226 2329 litem
251 2260 416 2329 intentari
443 2260 573 2344 dicam,
593 2283 675 2328 cum
691 2279 861 2351 arguatur
878 2261 1029 2329 nefarias
1045 2261 1243 2330 Triumviri

122 2378 408 2468 proscriptiones
429 2371 604 2444 oblivioni
624 2377 778 2462 dedisse,
801 2400 891 2466 quas
913 2378 973 2446 alii
997 2378 1128 2469 pariter
1153 2378 1248 2446 obli-¹

121 2493 212 2561 visci
231 2494 324 2565 inter
340 2493 514 2583 triumphi
529 2510 721 2584 apparatus
736 2493 804 2561 visi
826 2510 923 2578 sunt,
939 2517 1095 2584 eumque
1117 2494 1152 2561 in
1170 2517 1244 2563 car-

121 2609 286 2678 minibus
303 2609 422 2677 locum
436 2613 601 2699 Augusto
615 2609 783 2679 tribuisse
799 2634 906 2701 quern
919 2611 955 2678 in
974 2612 1119 2701 hymnis
1137 2611 1245 2679 sacris

121 2726 359 2795 tribuendum
375 2744 735 2796 senatuscensuerat.
1004 2709 1008 2716 ¹
1163 2733 1167 2738 ’

171 2845 217 2910 At
233 2842 342 2926 enim,
359 2865 402 2911 ne
420 2842 573 2933 publicae
598 2843 649 2911 illi
666 2844 898 2912 assentationi
921 2867 1067 2934 operam
1087 2863 1244 2930 navaret,

122 2958 291 3028 obstabat
318 2977 486 3028 anteactae
514 2959 596 3028 vitae
625 2959 730 3043 ratio,
760 2960 862 3028 Bruti
889 2960 1075 3045 memoria,
1109 2961 1244 3052 paterni
1286 3021 1290 3030 .

124 3075 221 3145 ruris
251 3075 459 3167 publicatio.
486 3075 585 3164 Quid
615 3078 762 3164 postea?
782 3075 820 3147 Si
848 3077 971 3167 patriae
1000 3077 1127 3144 caritas
1158 3079 1245 3145 illud

124 3193 308 3284 postulare
326 3191 503 3277 videatur,
518 3210 558 3260 ut
571 3193 753 3281 praeterita·
766 3193 947 3261 oblivione
963 3211 1140 3278 conteras,
1157 3215 1246 3283 prae-

22 3307 27 3315 ’
123 3309 241 3377 sentia
259 3330 323 3399 pro
344 3307 437 3377 virili
460 3326 559 3399 parte
580 3308 740 3396 adjuves,
772 3332 891 3377 nonne
910 3310 1089 3399 sapienter
1111 3329 1143 3377 et
1160 3309 1245 3378 civi-

121 3426 206 3495 liter
235 3424 319 3514 agit,
351 3425 412 3515 qui
443 3425 567 3515 patriae
599 3426 780 3493 condonat
807 3425 930 3493 illusas
954 3426 1111 3516 partium
1142 3427 1246 3517 spes?

121 3545 253 3632 Neque
267 3564 352 3610 vero
371 3541 459 3609 mihi
477 3542 511 3610 in
529 3543 651 3611 animo
678 3562 731 3610 est
762 3543 867 3612 toties
885 3544 1053 3634 agitatam
1070 3545 1113 3610 de
1131 3542 1246 3613 Caesa·

82 3661 89 3670 '
120 3657 217 3728 riani
229 3657 371 3748 imperii
391 3658 558 3748 aequitate
572 3659 627 3725 vel
644 3659 833 3748 iniquitate
851 3660 1091 3750 quaestionem
1108 3677 1245 3727 utcum-

135 3960 139 3965 ·
158 3941 199 4012 (ι)
221 3939 456 4004 D10.Crtss.‚nr,
478 3957 576 4014 ¹9·21·

128 4046 133 4051 ’
155 4030 198 4102 (2)
225 4026 314 4093 Ibid„
330 4046 376 4084 21.
394 4049 407 4080 tt
423 4029 472 4080 Teia
490 4048 515 4079 το
531 4030 642 4100 δυσχερῶν
655 4028 746 4080 πάντων
759 4029 784 4080 οἰ
807 4029 919 4094 Ῥωμαῖοι
933 4027 1077 4080 ἐπελάθοντο.
1097 4047 1109 4077 n

157 4117 197 4190 (3)
218 4116 308 4182 Ibid„
325 4135 371 4174 20.
389 4136 402 4169 t
420 4119 442 4175 ἴς
461 4139 485 4169 τε
503 4120 555 4175 τούς
574 4118 656 4183 ὕμνους
671 4119 741 4170 adeda
755 4118 781 4178 ἐξ
796 4119 909 4176 ἷοουτοῖς
925 4119 984 4175 θεοῖς
1001 4117 1159 4189 ἐογροῐοεοθαι.
1178 4137 1190 4166 n
