2970 5280
569 535 612 544 -
643 520 781 610 try-⁶

208 750 211 756 Ι
264 666 348 722 Neve
364 677 452 747 putes
476 664 569 722 aliurn
584 663 720 738 sapiente
734 665 877 739 bonoque
893 644 1015 722 beatum
1033 667 1079 735 lt).

124 834 235 924 Quod
253 833 342 907 mihi
360 856 464 902 secus
487 834 653 917 videtur;
684 854 767 902 cum
799 833 896 901 enim
916 857 954 903 ex
980 834 1148 904 universa
1166 836 1241 924 eius

122 951 299 1020 sentiendi
314 968 348 1019 et
367 949 539 1041 loquendi
560 950 820 1018 consuetudine
837 967 932 1041 patet
949 951 1147 1043 sapientem
1163 951 1240 1025 ttul-

120 1067 191 1136 lius
207 1067 272 1152 rei,
302 1090 344 1136 ue
369 1066 513 1135 virtutis
529 1067 689 1157 quidem,
708 1088 852 1137 servum
870 1089 947 1135 esse
964 1086 1143 1165 oportere,
1163 1085 1241 1160 tum
1276 1069 1278 1074 ’

120 1184 229 1252 etiam
249 1184 308 1252 ille
328 1205 465 1267 versus,
480 1182 508 1249 si
540 1181 652 1250 totius
683 1181 846 1271 epistulae
875 1181 965 1250 ratio
997 1181 1181 1265 habeatur,
1202 1207 1241 1251 ex

119 1300 232 1368 faceta
262 1300 419 1390 quadam
454 1297 573 1367 stoicae
593 1297 779 1389 sapientiae
819 1297 1019 1366 imitatione
1062 1299 1241 1389 profectus

119 1415 268 1504 judicari
286 1432 415 1506 potest,
434 1415 462 1483 si
481 1414 629 1504 quidem
646 1436 687 1482 eo
703 1436 817 1504 usque
835 1413 970 1482 ibidem
990 1413 1143 1483 stoicum
1156 1414 1239 1506 agit,

120 1550 159 1600 ut
177 1531 335 1600 Zenonis
351 1530 556 1621 paradoxon
579 1531 622 1600 de
650 1548 878 1621 peccatorum
909 1510 1125 1620 aequalitate,
1142 1531 1240 1621 quod

85 1651 95 1668 '
119 1648 205 1717 alibi
223 1648 392 1727 irriserat,
413 1670 520 1715 suum
539 1646 642 1715 faciat
660 1648 715 1735 (a).
733 1645 828 1717 Cum
849 1663 1019 1736 praeterea
1035 1646 1128 1715 inter
1155 1647 1240 1738 Epi·

119 1787 247 1832 cureos
267 1781 300 1831 et
322 1762 463 1834 Stoicos
491 1764 534 1830 de
565 1762 694 1832 virtute
726 1763 875 1831 colenda
904 1785 1101 1831 consensus
1131 1782 1237 1848 esset,

120 1881 293 1948 acerrima
307 1902 391 1948 vero
409 1879 590 1948 contentio
607 1880 649 1947 de
673 1880 742 1947 fine
757 1878 881 1947 virtuti
897 1877 1164 1963 constituend0,
1184 1879 1240 1946 his

121 2020 199 2066 eam
219 2014 364 2087 propter
380 2020 430 2080 se,
448 1996 519 2063 illis
539 2014 684 2087 propter
708 1994 845 2064 fructus
864 1995 946 2063 inde
964 2013 1148 2063 secuturos
1165 2017 1239 2063 am-

121 2114 348 2204 plectendam
389 2135 466 2181 esse
506 2111 749 2196 censentibus,
781 2112 957 2180 Horatius
988 2111 1034 2179 ita
1070 2111 1239 2180 virtutem

120 2212 481 2303 laudatutsummum
495 2228 631 2297 bonum
646 2251 723 2297 eam
742 2228 944 2297 existimare
960 2227 1136 2311 videatur,
1150 2251 1239 2318 prae-

120 2346 244 2414 sertim
258 2346 341 2436 quia
354 2345 558 2422 felicitatem
575 2345 688 2435 pariat
703 2346 760 2433 (3).
781 2346 826 2414 Et
840 2366 937 2432 yero,
948 2345 1044 2435 quod
1056 2344 1239 2435 sapientiae

120 2461 316 2530 horatianae
335 2477 440 2551 caput
456 2461 663 2529 habendum
680 2484 757 2529 esse
771 2460 974 2550 opinamur,
996 2460 1032 2528 id
1046 2461 1114 2528 tale
1131 2478 1184 2528 est
1200 2478 1239 2528 ut

121 2576 251 2648 Stoicis
284 2576 398 2645 nihilo
428 2577 543 2644 secius
574 2598 682 2665 quam
720 2574 908 2662 Epicureis
938 2575 1081 2667 probari
1110 2576 1236 2666 possit.

120 2691 195 2781 Qui
217 2692 312 2761 enim
334 2693 377 2761 de
402 2691 491 2783 ipsis
518 2691 706 2782 principiis
736 2691 869 2782 quibus
899 2714 1043 2760 morum
1077 2691 1239 2761 doctrina

119 2808 287 2877 innititur
312 2807 359 2877 ita
383 2807 497 2876 varias
525 2826 558 2876 et
583 2807 763 2876 fluitantes
789 2807 983 2877 sententias
1011 2807 1179 2898 exprimit
1200 2826 1240 2877 ut

119 2924 214 2992 inter
242 2946 389 3014 asperos
418 2924 575 2992 Zenonis
592 2925 760 3014 scopulos
781 2940 815 2992 et
838 2924 1057 3015 voluptarias
1090 2923 1238 3014 Epicuri

112 3041 259 3109 ‘insulas
278 3039 417 3109 cautius
440 3062 521 3108 eum
539 3040 705 3131 navigare
723 3039 834 3124 dicas,
854 3040 951 3108 idem
968 3039 1110 3123 ille,ubi
1123 3040 1241 3130 agitur

119 3158 163 3225 de
180 3157 251 3225 vita
280 3157 380 3226 beate
403 3158 552 3247 agenda,
584 3156 834 3225 firmissimum
862 3156 996 3247 profert
1021 3173 1239 3246 praeceptum

117 3273 162 3342 ad
182 3274 294 3363 quod,
315 3275 412 3341 velut
428 3272 653 3341 tutissimum
672 3270 849 3341 felicitatis
864 3289 1021 3363 portum,
1041 3294 1168 3340 omnes
1184 3295 1239 3339 se·

119 3411 204 3458 cum
218 3406 400 3458 convocat.
420 3390 512 3458 Illud
526 3368 578 3457 est
590 3387 913 3456 celebratissimum
926 3415 942 3451 «
957 3388 1006 3456 nil
1018 3387 1188 3456 admirari
1205 3415 1236 3472 u,

118 3507 219 3596 quod
234 3505 676 3597 perperamaquibusdam
690 3505 911 3574 intellectum
923 3503 1011 3573 nihil
1021 3503 1119 3572 aliud
1129 3525 1238 3594 quam

117 3623 154 3691 in
175 3622 319 3691 brevem
338 3622 533 3712 quamdam
559 3622 751 3690 formulam
769 3609 863 3710 cogit
878 3620 1052 3711 quicquid
1068 3621 1112 3689 de
1127 3620 1237 3689 animi

118 3737 366 3829 aequabilitate
394 3737 546 3828 sapienti
581 3737 818 3828 comparanda
855 3759 950 3805 nunc
978 3736 1116 3823 festive,
1145 3759 1238 3805 nunc

153 3973 195 4043 (1)
215 3971 313 4046 Epist.
329 3989 352 4042 1,
370 3971 412 4041 16,
431 3988 476 4026 ao.

152 4061 194 4133 (a)
211 4059 280 4115 Vid.
294 4058 423 4130 Onetor,
439 4058 478 4114 ad
492 4059 603 4134 Epist..
623 4078 648 4128 1,
667 4059 710 4129 16,
724 4074 771 4114 vv.
790 4076 821 4131 17
835 4071 863 4114 et
880 4058 989 4129 50-54,

152 4149 193 4224 (3)
213 4149 311 4224 Epist.
334 4148 465 4220 1,.1,25;
483 4166 509 4218 2,
528 4147 572 4206 55.
