2970 5280
643 455 823 523 ..80-

178 620 247 689 que
266 597 434 665 dirimere
449 617 458 679 ;
474 596 560 664 satis
576 614 642 679 est,
658 597 687 662 si
699 612 854 663 statuere
870 593 1104 684 probabiliter
1115 591 1305 682 possimus

177 712 362 782 communi
378 713 586 804 graviorum
603 711 796 780 hominurn
813 709 1078 778 existimatione
1099 708 1305 798 judicatum

177 846 258 921 post
280 829 430 897 actiacas
457 851 512 898 res
535 828 646 896 fuisse
668 827 756 895 nihil
783 826 897 916 magis
918 850 936 895 e
957 848 993 894 re
1012 824 1155 915 publica
1169 824 1303 907 videri,

178 967 287 1035 quam
306 964 345 1012 ut
369 945 405 1012 in
426 944 615 1014 Octaviani
638 943 792 1034 imperio
812 942 1090 1033 acquiescerent.
1109 943 1192 1009 Jam
1217 962 1305 1008 vero

178 1063 259 1152 quis
280 1061 369 1128 illud
396 1063 523 1151 neget?
549 1060 846 1131 Obversabantur
870 1060 1023 1128 Horatio
1050 1056 1206 1147 plurima
1235 1058 1305 1124 hu-

178 1177 274 1265 jusce
290 1177 438 1245 rationis
456 1199 537 1266 quae
555 1194 764 1266 sequeretur
784 1175 958 1265 exempla,
980 1192 1014 1243 et
1034 1197 1072 1242 ea
1089 1173 1240 1264 quidem
1259 1173 1305 1241 ab

178 1292 248 1360 illis
272 1293 365 1374 data,
391 1293 452 1382 qui
475 1293 741 1383 amplissimum
770 1293 861 1360 inter
886 1291 1061 1359 libertatis
1091 1289 1305 1359 defensores

178 1409 296 1476 locum
311 1408 553 1478 obtinuerant.
568 1408 676 1477 Mitto
689 1408 838 1498 quidem
853 1407 933 1475 illos
946 1407 1122 1475 bellorum
1135 1405 1306 1473 civilium

178 1526 389 1607 desultores,
413 1525 489 1614 qui,
517 1542 556 1593 ut
576 1543 694 1615 partes
726 1542 918 1608 mutarent,
949 1540 1110 1613 tempora
1141 1544 1305 1612 aucupa-

111 1692 116 1703 .
180 1640 310 1708 bantur
334 1643 392 1729 (r).
416 1639 486 1711 Sed
513 1641 582 1728 jam
613 1640 697 1708 inde
723 1663 742 1707 a
774 1639 999 1729 Philippensi
1029 1661 1161 1729 pugna,
1193 1638 1306 1706 multi

177 1758 371 1824 Messalam
392 1757 535 1841 imitati,
560 1756 706 1846 optimae
733 1773 826 1824 notae
849 1757 979 1840 virum,
1002 1778 1020 1822 a
1047 1754 1233 1823 Brutianis
1258 1755 1306 1823 ad

179 1872 404 1943 Caesarianos
421 1872 646 1942 transierant.
663 1873 762 1962 Quid
778 1873 893 1940 dicam
911 1873 953 1941 de
971 1874 1092 1940 Marco
1108 1870 1319 1955 Cicerone,¹

178 1989 254 2078 qui,
272 1989 437 2079 quamvis
454 1989 643 2080 proscripti
662 1989 772 2079 patris
797 1989 972 2057 memoria
990 1988 1093 2078 longe
1119 1987 1163 2055 ab
1190 1985 1307 2056 Octa-

177 2105 283 2174 viano
313 2106 423 2174 arceri
455 2107 648 2191 videretur,
682 2123 799 2174 tamen
833 2107 961 2174 eodem
993 2105 1134 2172 actiacae
1167 2126 1307 2194 pugnae

177 2239 349 2312 tempore,
365 2223 550 2291 consulem
574 2245 611 2289 se
632 2221 829 2291 renuntiari
847 2245 973 2312 passus
988 2221 1083 2289 erat?
1101 2220 1156 2307 (a).
1183 2219 1306 2289 Prava

177 2337 374 2408 ambitione
401 2361 444 2406 an
476 2339 615 2407 sincero
648 2339 684 2406 in
717 2360 795 2407 rem
826 2338 1010 2428 publicam
1040 2357 1173 2419 amore,
1211 2335 1306 2404 satis

178 2453 349 2522 incertam
368 2476 443 2522 rem
459 2477 536 2523 esse
554 2477 625 2522 non
647 2453 849 2545 negaverim
865 2480 875 2539 3
892 2454 952 2522 sed
971 2451 1099 2543 quidni
1120 2452 1306 2519 Horatius

178 2568 213 2636 id
228 2569 297 2638 sibi
312 2569 415 2639 licere
430 2571 466 2637 in
479 2570 699 2639 carminibus
711 2571 882 2651 crederet,
897 2570 996 2660 quod
1012 2566 1304 2659 proscriptorum

177 2686 269 2753 filios
291 2687 326 2754 in
353 2687 506 2778 publicis
526 2685 651 2754 officiis
679 2709 780 2776 agere
807 2688 987 2756 cerneret?
1008 2687 1143 2754 Verum
1168 2707 1305 2774 parum

177 2802 398 2871 auctoritatis
420 2803 607 2873 Ciceronis
633 2804 837 2893 exemplum
855 2802 1042 2887 habuerit3
1063 2822 1182 2869 nonne
1203 2801 1305 2869 Atti·

177 2940 252 3000 cus,
276 2918 462 2989 Ciceronis
483 2919 737 3004 amicissimus,
756 2919 791 2986 in
811 2917 999 2988 Octaviani
1017 2916 1305 2986 familiaritatem

177 3038 423 3104 concesserat?
440 3037 496 3124 (3).
527 3038 656 3105 Nonne
686 3035 835 3104 Asinius
858 3033 989 3120 Polli0,
1020 3034 1074 3103 vir
1098 3033 1248 3123 ingenio
1270 3052 1306 3103 et

177 3151 349 3243 gravitate
370 3151 703 3241 praestantissimus,
721 3174 829 3242 quem
852 3151 1026 3220 Horatius
1047 3149 1162 3240 magis
1178 3150 1304 3241 suspi-

177 3287 270 3339 ceret
286 3291 330 3336 an
348 3269 513 3359 diligeret
531 3268 707 3338 incertum
722 3286 787 3353 est,
806 3269 925 3358 palam
950 3266 1193 3336 affirmaverat
1216 3285 1303 3335 ante

210 3544 247 3613 (r)
269 3543 448 3598 samanar.
470 3543 559 3598 Suas.
580 3543 606 3598 I.
635 3541 792 3611 «Dellius,
810 3559 900 3616 quem
918 3541 1047 3598 Messala
1073 3538 1228 3596 Corvinus
1253 3542 1305 3598 de·

177 3630 323 3686 sultorem
340 3631 489 3687 bellorum
505 3630 640 3687 civilium
655 3643 754 3688 vocat.
772 3652 785 3682 n

212 3721 252 3790 (2)
274 3722 341 3776 Dro.
363 3720 464 3785 Cass,
483 3738 521 3785 tr,
542 3738 586 3794 19.

213 3809 248 3879 ⁴3)
270 3809 365 3864 Conrr.
393 3811 479 3874 Nan,
504 3810 566 3865 Art.
589 3809 644 3866 Vir.
671 3828 716 3868 20.
742 3842 775 3851 -
791 3809 836 3864 Cl.
870 3810 994 3874 Frnron,
1021 3808 1123 3865 rhesis
1144 3809 1175 3863 in
1201 3810 1238 3868 T.
1262 3813 1302 3869 P.

175 3897 318 3968 Atticum,
335 3915 364 3970 p.
381 3897 429 3963 08,
443 3898 505 3963 ubi,
523 3897 674 3971 exquisito
690 3897 796 3974 judicii
809 3898 959 3968 acumine,
972 3897 1104 3954 Atticum
1118 3914 1219 3970 neque
1231 3917 1303 3957 cen·

175 3983 255 4040 sorie
271 3985 404 4051 damnat,
420 4003 519 4059 neque
536 3986 743 4061 indulgentius
757 3986 896 4052 absolvit,
913 3986 966 4043 sed
981 3985 1094 4060 potius,
1109 3985 1305 4050 habitarem-

175 4091 284 4146 porum
302 4074 428 4144 ratione,
445 4088 581 4136 excusat.
