2970 5280
645 518 826 610 -84-

176 667 300 761 iniqua
319 670 386 738 ista
403 670 651 759 interpretatio
669 669 738 760 (r);
758 693 810 754 ac,
829 693 871 738 ne
894 670 929 738 in
954 692 989 738 re
1012 669 1171 739 coniecta
1196 669 1302 739 insu-

176 787 315 871 demus,
356 787 445 854 illud
491 798 631 855 tantum
669 787 956 874 reminiscamur,
1005 806 1160 877 poetam,
1209 787 1302 855 dum

174 903 384 972 Archilochi
419 905 476 991 (2),
504 904 614 971 Alcaei
645 904 703 991 (3),
720 903 1029 993 Anacreontisque
1059 904 1103 991 (4)
1132 904 1303 992 exemplo

175 1017 296 1110 sugam
315 1020 517 1102 confitetur,
538 1020 682 1088 laudem
698 1019 802 1088 victis
820 1019 915 1088 haud
940 1017 1138 1109 parciorem
1162 1018 1302 1108 imper·

175 1135 247 1220 tiri,
270 1135 327 1203 his
344 1135 461 1204 verbis
478 1158 634 1225 pugnam
655 1126 920 1226 philippensem
942 1135 1164 1226 designando
1186 1136 1302 1204 :Cum

171 1252 294 1342 fracta
311 1251 440 1320 virtus.
464 1251 557 1340 Quis
575 1252 703 1344 ingrati
724 1252 759 1320 in
777 1255 932 1321 Brutum
954 1251 1063 1320 animi
1084 1251 1303 1321 insimulare

176 1390 260 1437 eum
276 1368 462 1452 sustineat,
480 1368 542 1459 qui
559 1371 653 1459 apud
676 1362 908 1465 Maecenatem
926 1386 998 1438 tam
1016 1369 1168 1437 candide
1188 1392 1304 1438 suum

176 1485 212 1553 in
231 1484 404 1553 Brutiano
419 1484 573 1553 exercitu
590 1485 815 1554 tribunatum
832 1500 1092 1553 commemorat
1106 1483 1166 1574 (5),
1185 1502 1221 1554 et
1247 1485 1304 1553 vi·
1357 1534 1361 1545 .

176 1601 310 1669 cesimo
343 1600 550 1691 postillam
586 1601 752 1670 militiam
783 1624 892 1684 anno,
928 1601 964 1669 in
993 1601 1119 1670 eodem
1148 1601 1306 1671 honoris

176 1719 288 1808 gradu
307 1718 420 1785 victos
438 1717 638 1787 et'victores
652 1718 767 1808 ponit,
785 1720 873 1787 dum
890 1718 1065 1809 gloriatur

358 1861 395 1916 Se
412 1860 516 1934 primis
534 1861 626 1917 Urbis
643 1861 714 1918 belli
729 1861 880 1953 placuisse
896 1860 1065 1935 domique?
1080 1863 1119 1935 (6)

178 2013 1308 2104 CassiumParmensem‚strenuumlibertatispropugnatorem

179 2130 240 2219 qui
255 2153 275 2197 a
292 2129 470 2220 Philippis
491 2131 526 2198 in
561 2128 599 2200 S.
623 2131 786 2219 Pompeii
818 2130 1013 2199 exercitum
1039 2153 1075 2198 se
1102 2148 1308 2220 receperat,

178 2246 290 2315 libera
308 2269 393 2314 voce
410 2246 530 2314 laudat
549 2248 607 2335 (7),
624 2247 789 2337 quamvis
806 2247 961 2335 Augusti
979 2246 1079 2334 jussu
1096 2246 1309 2314 trucidatus

177 2380 279 2431 esset.
303 2362 397 2451 Quis
415 2363 527 2431 nescit
554 2363 884 2453 pertinacissimum
911 2363 1065 2434 Caesaris
1093 2362 1307 2448 inimicum,

177 2500 349 2568 magnum
385 2477 575 2564 Catonem,
605 2480 662 2547 vix
691 2479 878 2548 meliorem
910 2479 1110 2570 repperisse
1146 2501 1305 2548 suarum

177 2594 326 2662 laudum
347 2616 562 2685 praeconem,
584 2618 697 2686 neque
718 2596 752 2663 in
781 2597 842 2664 ilio
869 2597 987 2664 solum
1011 2594 1168 2664 carmine
1202 2598 1307 2686 quod

179 2844 260 2915 gusti
276 2844 356 2900 risus
376 2855 521 2899 moveret.
539 2873 572 2885 -
584 2843 597 2899 J
603 2843 648 2900 .·J.
664 2842 803 2910 Anteae,
820 2856 866 2915 op.
884 2857 921 2911 c.,
938 2838 995 2894 alia
1011 2836 1128 2893 ratione
1144 2836 1308 2910 pariterin

180 2932 342 2987 Horatium
359 2931 522 2988 invehitur.

215 3022 253 3093 (ι)
276 3021 321 3077 Cf.
345 3022 528 3091 warentias,
549 3021 584 3076 de
607 3019 698 3077 Vario
715 3030 816 3092 poeta,
837 3037 867 3091 p.
892 3017 938 3088 37.
955 3049 989 3060 -
1012 3019 1116 3085 Parus,
1129 3015 1307 3074 Journ.des

177 3123 306 3182 savants,
323 3112 401 3185 janv.
423 3111 514 3181 18423
532 3110 661 3166 OEuvres
680 3109 801 3180 d'Hor.,
816 3109 867 3164 Et.
887 3124 940 3163 sur
952 3107 981 3163 Ia
1005 3107 1057 3165 Vie
1077 3117 1104 3161 et
1123 3105 1166 3162 les
1185 3122 1307 3164 oeuvres

177 3200 305 3266 d’Hor.,
322 3219 351 3273 p.
363 3219 443 3256 xvur.

213 3291 254 3359 (2)
276 3289 615 3360 Gn1sroan‚Poet.min.
633 3290 729 3346 Graec.
747 3288 843 3361 (Lips.
865 3287 956 3359 1823),
973 3286 1034 3342 vol.
1050 3285 1102 3352 111,
1119 3303 1148 3358 p.
1166 3303 1216 3358 90.

212 3380 252 3451 (3)
271 3378 359 3447 Ibit,
375 3397 403 3451 p.
421 3381 474 3452 329
488 3397 495 3449 ;
510 3378 547 3434 cf.
566 3379 686 3434 Hauon.
702 3397 729 3449 v,
746 3379 793 3451 95.

213 3469 252 3539 (4)
271 3469 396 3535 Munus,
418 3470 488 3525 Var.
504 3468 582 3540 lect,
604 3467 622 3523 Ι.
637 3469 687 3538 ΙΧ,
705 3484 780 3524 c.11.

214 3558 252 3630 (5)
271 3561 335 3616 Sat.
356 3575 378 3627 r,
391 3559 420 3629 6,
432 3558 481 3628 48.

213 3651 249 3721 (ot
269 3647 371 3721 Epist.
392 3665 416 3715 ι,
429 3665 476 3716 20,
495 3645 542 3701 23.

213 3741 249 3811 (7)
266 3737 365 3811 Epist.
386 3755 410 3802 1,
426 3753 455 3806 4,
473 3735 487 3790 3
503 3734 624 3808 (scripta
637 3735 715 3791 inter
731 3752 828 3791 annos
845 3735 901 3808 728
918 3747 948 3790 et
962 3733 1046 3808 734);
1060 3733 1098 3790 cf.
1116 3734 1306 3805 Wstcrrnrtr,

176 3828 213 3883 de
232 3827 317 3884 Cass.
336 3830 459 3890 Parm„
474 3843 503 3898 p.
523 3826 588 3881 268.
618 3855 652 3865 -
668 3824 840 3894 stivam,
857 3841 903 3898 op.
922 3842 948 3880 c.
971 3822 1101 3879 Horatio
1123 3822 1244 3880 crimen
1260 3825 1308 3881 in-

176 3927 273 3972 tentat
293 3915 376 3988 quod
395 3916 459 3969 Sat.
482 3932 506 3983 1,
526 3932 570 3979 10,
583 3915 630 3978 62,
648 3926 770 3968 mortuo
788 3913 896 3968 Cassio
915 3911 1073 3968 Parmensi
1089 3910 1307 3983 insultaverit;

178 4022 283 4060 verum
308 4020 397 4060 nemo
414 4001 509 4058 nescit
532 4001 574 4057 ibi
601 4003 637 4058 de
659 4001 767 4058 Cassio
785 4004 915 4058 Etrusco
944 4000 1130 4058 mentionem
1147 4000 1228 4070 fieri,
1246 4021 1311 4060 non

179 4093 215 4150 de
234 4091 390 4149 Parmensi
414 4091 467 4166 qui
508 4109 556 4148 an.
577 4091 632 4165 723
652 4110 712 4164 quo
738 4091 850 4165 scripta
870 4092 936 4147 haec
952 4090 1043 4147 satira
1058 4102 1103 4147 est
1122 4093 1309 4162 (secundum

179 4181 335 4239 Weichert
351 4195 380 4238 et
396 4181 556 4253 Kirchner‚
573 4180 740 4238 secundum
758 4181 877 4238 Franke
902 4200 949 4237 an.
970 4182 1035 4256 719)
1052 4180 1153 4236 adhuc
1164 4181 1307 4242 vivebat.
