2970 5280
582 503 623 514 ..
654 486 716 555 1¹9
741 503 785 516 -

136 605 232 692 bilis,
250 604 441 699 perfectam
466 607 607 700 pariens
642 607 862 694 felicitatem,
898 626 938 677 ut
962 611 1127 700 externis·
1149 611 1256 680 rebus

136 723 251 815 parari
268 724 406 815 nequit,
426 725 475 793 ita
491 727 600 795 semel
615 724 747 793 amissa
773 748 845 794 non
861 724 1006 794 aliunde
1021 749 1130 817 quam
1145 750 1186 797 ex
1207 727 1256 796 in·

135 839 223 908 tima
242 841 472 933 philosophia
487 842 679 931 repetenda
699 858 778 910 est:

278 966 385 1022 Fervet
400 964 526 1022 avaritia
540 964 714 1039 miseroque
725 963 869 1039 cupidine
884 978 1009 1039 pectus:

277 1055 355 1111 Sunt
370 1055 461 1111 verba
477 1066 623 1119 atroces,
644 1053 756 1127 quibus
776 1054 857 1111 hunc
872 1054 967 1111 lenire
983 1055 1121 1113 dolorem

278 1144 380 1202 Possis
396 1157 426 1211 et
441 1163 580 1221 magnam
595 1144 695 1202 morbi
716 1145 870 1219 deponere
885 1158 1012 1219 partem.

277 1233 390 1291 Laudis
410 1253 513 1292 amore
530 1248 649 1293 tumes:
666 1247 736 1291 sunt
748 1247 828 1292 certa
842 1233 973 1308 piacula,
985 1253 1053 1308 quae
1075 1247 1103 1292 te

275 1324 336 1380 Ter
352 1342 426 1399 pure
442 1325 521 1381 lecto
538 1337 682 1398 poterunt
698 1341 834 1381 recreare
851 1324 965 1381 libello.

276 1414 410 1482 Invidus,
425 1414 601 1486 iracundus,
619 1413 713 1486 iners,
742 1413 879 1483 vinosus,
895 1426 1022 1484 amator,

275 1505 374 1561 Nemo
395 1504 470 1560 adeo
486 1503 568 1560 ferus
585 1516 639 1569 est,
653 1515 686 1559 ut
703 1520 765 1559 non
782 1503 940 1560 mitescere
954 1504 1062 1578 possit,

276 1591 307 1648 Si
323 1593 415 1648 modo
431 1593 557 1649 culturae
574 1592 739 1667 patientem
754 1592 929 1650 commodet
945 1610 1050 1650 aurem
1067 1594 1118 1666 (r).

130 1736 222 1805 Mihi
248 1751 448 1828 temperare
475 1760 546 1805 non
571 1737 672 1828 potui
703 1737 791 1828 quin
813 1737 997 1829 egregium
1018 1739 1113 1807 hunc
1131 1741 1251 1809 locum

131 1854 176 1922 de
192 1853 434 1945 philosophiae
460 1852 496 1923 in
527 1853 714 1922 medendis
739 1852 849 1922 animi
877 1854 1013 1922 morbis
1047 1853 1251 1924 efficacitate

131 1969 1250 2062 integrumreferrem,quicumsententiarumexcellentiatum

129 2087 325 2156 verborum
356 2087 584 2178 simplicitate
612 2086 880 2157 accuratissima
912 2110 1080 2179 superare
1108 2088 1250 2158 videtur

129 2202 306 2294 quicquid
322 2225 483 2293 unquam
507 2203 543 2271 in
567 2203 808 2294 philosophiae
831 2203 974 2272 laudern
993 2206 1088 2302 apud
1110 2223 1248 2274 veteres

129 2316 342 2388 cantitatum
366 2338 438 2405 esr3
459 2341 581 2410 quem,
602 2320 744 2411 opinor,
764 2337 919 2411 utroque
936 2320 1064 2412 pollice
1081 2322 1249 2389 laudave-

128 2435 705 2528 rintcujusvisscholaediscipuli.
727 2437 924 2506 lllamvero
942 2437 986 2505 de
1003 2435 1114 2505 animi
1132 2458 1248 2529 aequa·

128 2551 265 2621 bilitate
278 2554 478 2622 doctrinam
496 2553 729 2622 notissimum
746 2570 799 2622 est
812 2553 901 2622 adeo
912 2577 983 2623 non
997 2555 1041 2622 ab
1057 2552 1247 2646 Epicureis

127 2669 182 2737 vel
207 2669 337 2741 Stoicis
364 2669 517 2757 alienam
549 2693 638 2752 esse,
673 2688 712 2738 ut
738 2687 861 2739 contra
885 2670 1070 2739 simillima
1096 2692 1247 2762 prorsus

125 2804 301 2879 praecepta
320 2788 414 2877 apud
433 2804 605 2877 utrosque
624 2786 758 2878 passim
776 2789 965 2878 legantur(
990 2789 1012 2876 l.

172 2903 299 2994 Neque
323 2902 430 2971 etiam
454 2903 543 2971 illud
570 2904 859 2994 praetereundum
885 2926 962 2972 esse
983 2925 1124 2987 censeo,
1150 2905 1248 2993 quod

126 3019 317 3103 Horatius,
333 3041 414 3089 cum
432 3042 509 3088 eam
528 3018 597 3088 sibi
621 3019 813 3089 effinxisset
832 3021 875 3088 de
900 3019 1065 3089 moribus
1093 3019 1248 3111 discipli·

124 3157 208 3204 nam
230 3157 339 3226 quam
355 3137 431 3205 suis
449 3136 649 3228 aequalibus
661 3158 856 3227 congruere
868 3136 1114 3222 arbitraretur,
1129 3136 1246 3205 tullia·

123 3274 208 3321 nam
224 3253 376 3322 docendi
397 3253 586 3337 rationem,
612 3275 693 3322 vere
716 3253 875 3323 romanis
893 3253 1030 3322 civibus
1047 3275 1245 3332 accommo·

122 3370 259 3454 datam,
277 3369 441 3439 imitatus
463 3387 528 3439 est.
553 3371 589 3438 Is
607 3389 680 3439 erat
702 3369 888 3442 Ciceronis
906 3392 1008 3439 amor
1025 3371 1060 3439 in
1077 3370 1243 3461 patriam,

122 3486 420 3556 eaadmiratione
437 3504 647 3579 praestantes
665 3509 823 3557 romanae
836 3487 990 3558 civitatis
1011 3488 1106 3557 viros
1122 3510 1243 3579 prose-

156 3684 195 3760 (i)
216 3689 314 3766 Epist.
329 3706 349 3755 1,
370 3709 400 3765 1,
411 3689 445 3745 33
460 3679 547 3763 seqq.
560 3721 593 3730 —
609 3687 654 3744 cf,
671 3689 769 3764 Epist.
786 3708 806 3761 1,
825 3708 853 3754 2,
875 3689 911 3761 34
927 3706 1012 3764 seqq.
1166 3763 1168 3765 ‚
1235 3763 1238 3767 .

155 3779 198 3850 (ι)
220 3779 304 3849 Sara,
320 3779 356 3836 de
372 3779 421 3837 Or.
437 3782 509 3853 Sap.
530 3779 583 3835 30:
602 3779 765 3852 «Utraque
777 3781 880 3850 (secra)
897 3779 934 3835 ad
951 3779 1047 3836 otium
1063 3779 1181 3837 diversa
1196 3779 1244 3837 via

119 3867 213 3925 mittit
230 3889 257 3925 r.
277 3901 311 3910 -
331 3869 430 3944 Epist.
446 3868 485 3923 ad
501 3869 572 3925 Luc.
589 3887 658 3940 xcrr,
677 3869 710 3926 3:
728 3890 739 3921 r
754 3869 835 3939 Quid
846 3882 891 3927 est
907 3871 993 3926 beata
1004 3869 1081 3926 vita?
1097 3869 1244 3927 securitas

118 3969 149 4015 et
163 3970 308 4030 perpetua
324 3955 530 4031 tranquillitas
546 3979 572 4017 r.
589 3990 623 4001 -
642 3959 777 4015 Lucnar.
793 3977 821 4030 v,
838 3961 910 4016 1116
926 3977 933 4017 :

386 4046 489 4104 Quodsi
508 4047 561 4105 quis
573 4060 628 4093 vera
642 4047 713 4092 vitam
726 4047 818 4092 ratione
833 4048 958 4105 gubernat,

386 4118 482 4165 Divitiae
492 4120 595 4177 grandes
606 4119 696 4165 homini
710 4127 773 4174 sunt,
784 4121 862 4166 vivere
880 4132 949 4177 parce

385 4195 464 4250 AEquo
477 4191 584 4239 animo...
