2954 5084
619 554 823 618 „„4..

175 676 305 744 habere
323 676 553 764 judicaretur.
570 676 677 744 Viam
694 677 783 744 hanc
797 675 901 745 inivit
917 675 1074 760 Tullius,
1087 696 1170 743 cum
1184 676 1220 743 in
1241 675 1301 744 his

174 792 276 861 libris
304 792 508 875 Platonem,
534 792 570 860 in
596 791 666 861 illis
685 792 901 874 Panaetium,
920 792 956 860 in
984 791 1063 859 aliis
1080 791 1301 861 Crantorem

174 927 396 1000 sequeretur,
405 929 671 1000 parumcurans
681 925 802 976 utrum
816 931 857 977 ex
868 908 1163 976 omnibusunum
1175 906 1299 976 effice-

174 1042 272 1095 retur
289 1048 381 1117 opus
405 1048 477 1094 uno
503 1024 676 1094 doctrinae
704 1025 848 1093 vinculo
880 1025 1039 1116 ligatum.
1062 1024 1299 1115 Quicumque

174 1143 218 1210 de
245 1142 475 1234 philosophia
492 1144 618 1210 Romae
632 1141 864 1231 scripserunt,
883 1141 938 1210 vel
955 1141 1016 1231 qui
1031 1158 1134 1210 certae
1149 1139 1298 1209 cuidam

175 1277 278 1328 sectae
294 1280 425 1327 nomen
443 1258 589 1343 dabant,
606 1258 764 1348 aliquem
783 1258 962 1326 delectum
988 1257 1024 1325 in
1041 1255 1214 1326 doctrinis
1233 1257 1297 1326 ha·

175 1376 343 1444 buerunt.
361 1375 475 1444 Varro
492 1376 581 1466 ipse,
598 1373 660 1465 qui
679 1374 722 1442 ad
738 1375 920 1442 Zenonem
939 1374 985 1443 ita
1006 1373 1199 1441 inclinabat
1214 1389 1258 1441 ut
1277 1396 1298 1441 a

175 1492 395 1583 quibusdam
412 1514 532 1560 merus
552 1490 687 1560 stoicus
708 1490 826 1559 dictus
842 1490 888 1559 sit
903 1493 959 1579 (r),
981 1491 1091 1559 modo
1114 1489 1298 1580 Pythago-

175 1610 275 1692 ram,
301 1609 410 1677 modo
444 1608 632 1677 Platonem
666 1606 840 1698 expressit
865 1610 925 1695 (a).
959 1604 1139 1695 Quamvis
1161 1604 1299 1676 Seneca

176 1724 382 1795 Stoicorum
412 1724 632 1814 discipulum
660 1745 697 1791 se
729 1723 950 1814 profiteatur,
980 1745 1050 1790 non
1080 1721 1146 1789 sibi
1180 1723 1300 1812 legem

176 1839 280 1925 dixit,
299 1839 389 1908 nihil
411 1857 533 1908 contra
551 1839 689 1907 dictum
701 1839 859 1907 Zenonis
872 1837 1112 1928 Chrysippive
1127 1837 1300 1906 commit·

176 1975 249 2026 tere
265 1956 333 2046 (3),
353 1956 409 2043 jus
425 1955 592 2025 censendi
610 1955 740 2025 retinet
765 1956 822 2043 (4),
854 1977 967 2046 eoque
997 1955 1111 2023 utitur
1139 1954 1230 2022 dum
1257 1978 1300 2023 ex

179 2071 326 2163 Epicuri
345 2071 498 2140 hortulis
513 2072 620 2140 flores
636 2073 814 2162 quosdam
842 2070 1102 2140 sententiarum
1123 2071 1297 2161 decerpit.

178 2187 273 2257 Cum
298 2187 408 2278 igitur
434 2188 537 2276 jactat
554 2211 591 2257 se
610 2188 785 2257 Horatius
812 2188 857 2256 ab
874 2188 973 2256 omni
990 2187 1111 2256 schola
1127 2186 1300 2272 liberum,

177 2304 312 2373 nullius
328 2304 512 2373 addictum
532 2304 647 2392 jurare
685 2303 722 2372 in
749 2304 856 2372 verba
886 2303 1061 2394 magistri,
1079 2302 1169 2371 nihil
1198 2303 1300 2372 aliud

177 2443 285 2511 quam
314 2420 508 2490 formulam
534 2421 649 2512 ipsam
675 2420 951 2489 consuetudinis
980 2419 1166 2510 expressit,
1186 2441 1302 2509 quam

176 2537 212 2604 in
240 2537 518 2628 interpretandis
547 2537 683 2606 Graecis
710 2537 821 2605 secuti
848 2554 933 2617 sunt
964 2537 1014 2605 illi
1046 2535 1108 2626 qui
1137 2557 1302 2605 romanae

177 2652 416 2743 philosophiae
433 2654 612 2722 antistites
629 2654 819 2744 potissimo
836 2654 912 2741 jure
930 2653 1166 2743 appellantur.
1198 2651 1300 2721 Prae·

178 2769 423 2837 stantissimos
446 2769 620 2860 cujusque
651 2769 852 2860 disciplinae
876 2768 1066 2858 magistros
1096 2767 1299 2855 lectitavi13

176 2884 384 2975 quindecim
404 2907 514 2976 prope
539 2886 842 2977 philosophorum
869 2885 1017 2953 nomina
1051 2884 1088 2952 in
1119 2884 1300 2975 poematis

176 3003 252 3091 ejus
284 3021 500 3088 occurrunt;
534 3026 567 3072 et
597 3026 681 3072 cum
708 3026 818 3094 graece
855 3006 901 3072 sit
929 3006 1056 3072 doctus
1084 3024 1194 3094 quam
1233 3003 1300 3094 qui

175 3118 342 3201 maxime,
371 3119 555 3189 liberrimo
582 3119 714 3208 judicio
731 3119 910 3211 optimum
927 3121 1151 3210 optimorum
1167 3141 1298 3188 sucum

176 3233 212 3302 in
229 3258 331 3304 suam
350 3236 590 3305 substantiam
606 3235 793 3305 con-vertit.

222 3355 348 3443 Neque
366 3353 484 3420 solum
505 3353 541 3420 in
562 3353 728 3421 universa
751 3351 1032 3443 philosophandi
1063 3352 1215 3435 ratione,
1233 3354 1298 3421 sed

176 3469 284 3538 etiam
310 3469 345 3536 in
379 3471 635 3558 coagmentada
664 3470 707 3538 de
745 3468 907 3536 moribus
939 3467 1116 3553 doctrina,
1144 3488 1299 3537 suorum

175 3603 381 3675 temporum
399 3585 593 3677 imaginem
619 3584 766 3653 rettulit.
799 3571 925 3655 Sciunt
942 3606 1081 3669 omnes,
1101 3601 1300 3674 postquam

211 3889 249 3958 lt)
271 3887 429 3946 Orrrruun
453 3886 702 3962 Murtnn„praej.
729 3885 765 3944 de
786 3887 907 3964 Lingua
928 3887 981 3946 lat.

210 3977 246 4048 (a)
269 3976 314 4034 Cf.
328 3977 362 4033 G.
382 3978 529 4042 Borssrnn‚
542 3975 640 4033 Etude
654 3991 707 4032 sur
726 3976 853 4049 Varrop‚
866 3994 895 4050 p.
917 3977 979 4032 115.

211 4065 250 4137 (3)
270 4067 359 4133 Suu„
376 4065 412 4123 de
427 4065 496 4122 Otio
511 4081 578 4139 sap.
599 4064 645 4121 30.

210 4157 250 4227 (4)
272 4154 361 4226 Sem,
375 4154 412 4211 de
431 4155 498 4211 Vita
512 4153 590 4210 beat.
609 4173 652 4223 ιιι,
669 4173 684 4210 2
705 4185 737 4196 -
754 4153 788 4210 cf.
807 4155 908 4228 Epist.
932 4154 972 4210 ad
985 4155 1069 4222 Luc„
1085 4171 1173 4221 xxm,
1190 4172 1222 4229 9.
