2954 5084
626 502 829 548 -112—

179 623 316 708 statuit,
338 623 435 691 nulla
452 623 520 690 alia
547 646 583 691 se
604 645 710 691 causa
732 622 1050 718 inductum-fuisse
1067 622 1168 708 dicit,
1188 645 1304 713 quam

179 756 216 808 ut
245 737 383 807 civibus
414 738 489 807 suis
525 739 697 828 praeberet
723 737 898 830 quicquid
922 739 965 807 ad
991 758 1123 808 rectam
1151 739 1302 808 vivendi

179 855 272 923 viam
289 855 469 923 commodi
494 854 718 923 continerent
734 857 794 944 (r).
826 854 1059 945 Quicumque
1080 872 1162 924 ante
1179 855 1300 940 illum,

176 972 397 1063 quicumque
417 990 539 1062 postea
562 971 656 1062 apud
677 973 863 1040 Romanos
885 971 1137 1062 pervolvendis
1155 971 1304 1041 Graeco·

176 1094 258 1156 rum
279 1087 381 1155 libris
399 1087 662 1178 incubuerunt,
679 1089 831 1157 eandem
851 1087 1016 1156 utilitatis
1035 1085 1212 1156 rationem
1241 1089 1301 1156 ha·

178 1202 345 1288 buerunt,
366 1221 405 1271 ut
436 1202 563 1274 Cicero
603 1203 740 1272 censeri
763 1205 886 1295 'possit
918 1226 1019 1271 suam
1055 1202 1301 1294 philosophiae

178 1341 335 1388 romanae
365 1320 478 1408 legem
517 1319 662 1402 dixisse,
694 1341 876 1408 suumque
908 1320 1017 1387 linem
1048 1318 1297 1411 descripsisse.

224 1435 331 1504 Haud
347 1435 410 1503 abs
442 1456 478 1503 re
507 1434 615 1503 fuerit
644 1436 765 1505 statim
794 1453 917 1503 notare
944 1427 1165 1525 quantopere
1190 1454 1300 1526 poeta

178 1565 300 1620 noster
313 1575 389 1620 sese
406 1551 450 1619 ad
472 1573 550 1620 eam
567 1551 845 1642 philosophandi
863 1547 1177 1636 consuetudinem,
1192 1554 1301 1641 quasi

177 1667 325 1750 inscius,
357 1685 482 1737 natura
512 1667 647 1757 proprii
675 1667 809 1758 ingenii
842 1668 1034 1760 impulsus,
1070 1648 1300 1759 applicuerit.

180 1783 501 1873 Quemadmodum
518 1784 615 1852 enim
636 1785 780 1852 Tullius
796 1808 815 1854 a
833 1783 1060 1876 philosophis
1077 1783 1302 1874 praecipuam

180 1900 393 1989 eloquentiae
409 1902 596 1969 materiam
620 1900 783 1992 petierat,
805 1901 853 1969 ita
867 1901 987 1992 poesis
1006 1900 1204 1981 Horatius3
1222 1902 1302 1991 pari

178 2016 253 2103 jure
275 2015 450 2085 affirmare
481 2018 659 2108 potuisset
677 2040 713 2085 se
729 2040 799 2085 non
824 2041 864 2086 ex
881 2016 1212 2086 Alexandrinorum
1227 2016 1302 2086 offi-

177 2132 281 2216 cinis,
300 2133 362 2201 sed
387 2156 427 2201 ex
441 2133 645 2201 Academiae
673 2133 796 2225 spatiis
823 2151 966 2224 poetam
998 2132 1190 2217 exstitisse,
1207 2136 1303 2203 adeo

178 2248 332 2338 propriis
344 2249 516 2340 exemplis
533 2249 1038 2341 docueratquamprimariam
1049 2250 1163 2339 poetis
1180 2248 1303 2341 legem

177 2363 358 2452 injunxit:
1247 2348 1250 2353 ⁴

320 2515 1151 2591 δωὼωῶτκωεψπεῶῑωρώώῲωηαὼωε

322 2615 395 2670 Rem
411 2614 466 2670 tibi
482 2614 639 2671 socraticae
655 2627 799 2688 poterunt
814 2616 975 2673 ostendere
990 2616 1103 2673 chartae
1114 2618 1164 2689 (2).

176 2765 345 2876 Cumque
360 2787 487 2854 eodem
500 2786 578 2854 loco
593 2809 613 2854 a
629 2785 744 2876 poetis
762 2785 850 2854 illud
867 2803 947 2855 ante
965 2787 1088 2856 omnia
1099 2788 1304 2879 postularet

176 2918 215 2968 ut
235 2922 378 2969 morum
394 2900 510 2970 officia
522 2903 704 2986 callerent,
723 2901 813 2970 nihil
829 2903 925 2971 aliud
943 2902 1173 2995 praecipiebat
1186 2927 1303 2995 quam

176 3017 272 3105 quod
294 3033 327 3084 et
345 3016 421 3108 ipse
442 3018 666 3108 praestiterat.
684 3017 759 3106 Qui
776 3018 872 3086 enim
889 3018 982 3088 inter
993 3019 1164 3088 Academi
1185 3020 1301 3090 silvas

175 3133 223 3200 ita
238 3151 399 3202 versatus
410 3152 483 3202 erat
500 3162 517 3198 ε(
534 3152 572 3203 ut
578 3150 815 3226 possetcurvo
826 3135 1036 3225 dignoscere
1054 3154 1191 3206 rectum
1204 3163 1222 3199 »
1235 3136 1297 3229 (3),

175 3248 217 3331 is,
237 3250 355 3341 quoad
372 3250 443 3317 vita
460 3250 645 3341 suppetiit,
655 3249 1079 3342 philosophorumlibros
1090 3251 1302 3342 pervoluta·

174 3364 225 3433 vit
241 3366 336 3433 unde
354 3366 506 3434 disceret
522 3388 603 3455 quae
620 3366 663 3434 ad
680 3367 792 3435 vitam
812 3366 902 3436 bene
926 3366 1099 3458 beateque
1117 3369 1301 3458 agendam

174 3479 404 3571 pertinerent.
425 3480 587 3551 Comites
608 3482 674 3552 viae
699 3505 760 3551 eos
788 3483 941 3553 assumit
965 3485 1023 3572 (4),
1050 3482 1135 3552 etin
1157 3481 1300 3554 Sabino

175 3620 254 3682 suo,
271 3615 350 3666 orto
368 3619 450 3666 cum
462 3597 588 3666 amicis
605 3621 783 3685 sermone,
801 3599 933 3690 agitare
948 3600 1038 3668 solet

209 3858 248 3929 (1)
269 3857 345 3926 Cre,
362 3856 478 3912 Tuscul.
497 3876 519 3920 r,
540 3877 564 3917 ι,

210 3947 248 4019 (2)
268 3947 335 4002 Art.
349 3964 378 4018 p.
400 3946 464 4019 309.

210 4036 245 4107 (5)
268 4036 367 4104 Epist.
380 4053 411 4105 11,
425 4054 451 4101 2,
467 4053 517 4106 44.

208 4127 247 4198 (4l
267 4126 332 4183 Sol.
350 4141 380 4195 11,
401 4125 427 4191 3,
449 4144 490 4180 rr.
