2970 5280
639 543 683 556 ..
707 528 752 595 90
776 542 818 557 ..

174 651 271 719 tione
297 672 399 719 suam
421 650 577 718 insulam
596 649 733 718 romani
754 648 843 736 juris
871 648 1030 716 fecerunt
1052 649 1110 736 (r),
1137 646 1303 734 adjectos

176 766 329 858 imperio
359 767 550 834 Britannos
577 765 813 834 exsultantius
833 783 935 855 poeta
954 767 1119 855 Augusto
1135 766 1299 854 gratula-

159 902 233 968 tur
258 885 313 969 (a).
339 883 461 951 Ardua
483 903 538 950 res
569 882 634 949 suit
657 881 860 971 pervincere
881 880 1095 964 Cantabros,
1130 879 1301 947 indoctos

175 999 255 1090 juga
269 999 358 1068 ferre
371 1020 518 1066 romana
534 1000 592 1087 (3),
608 1017 688 1066 ante
706 1002 912 1087 Augustum
928 1019 997 1064 non
1010 995 1213 1064 dotnabiles
1230 997 1301 1083 (4),

176 1137 285 1204 quare
303 1115 511 1183 redeuntem
528 1114 571 1182 ab
593 1114 768 1204 Hispania
783 1112 996 1204 principem,
1009 1113 1111 1204 quasi
1123 1111 1304 1179 victorem

178 1229 324 1298 Herculi
344 1253 480 1321 parem,
506 1231 636 1298 salutat
661 1233 717 1319 (5).
746 1230 888 1319 Quanta
915 1231 1151 1300 admiratione
1178 1247 1214 1298 et
1238 1252 1304 1297 su-

177 1347 298 1438 perbia
324 1345 462 1414 reddita
497 1370 516 1415 a
544 1347 687 1415 Parthis
713 1346 814 1436 signa
844 1346 996 1415 celebrat
1025 1349 1084 1435 (6),
1114 1369 1304 1437 quamque

177 1462 300 1553 pronis
323 1463 491 1531 laudibus
508 1462 674 1531 divinum
687 1462 789 1531 illum
806 1463 936 1531 ducem
955 1462 1201 1554 prosequitur,
1220 1464 1302 1553 qui,

177 1578 253 1647 sine
266 1579 454 1669 sanguine,
473 1582 550 1647 solo
563 1579 720 1649 nominis
732 1580 786 1647 sui
799 1594 947 1662 terrore,
961 1595 1097 1647 tantam
1109 1578 1304 1647 victoriam

177 1695 335 1786 peperitl
360 1697 486 1785 Neque
510 1699 676 1786 Augusto
695 1695 781 1764 satis
803 1713 890 1778 erat,
908 1717 1011 1762 suam
1031 1695 1174 1763 laudent
1196 1695 1307 1763 belli-

177 1833 254 1879 cam
266 1812 385 1880 extolli
401 1832 409 1894 ;
431 1812 551 1902 magni
569 1812 612 1879 ad
630 1835 712 1879 suas
729 1834 784 1879 res
798 1812 950 1879 ducebat
962 1811 1147 1895 interesse,
1160 1809 1191 1878 si
1211 1812 1308 1879 bene

178 1929 287 1995 fixum
305 1928 341 1995 in
373 1928 538 1996 omnium
555 1928 685 1996 animis
706 1945 810 2012 esset,
830 1951 866 1996 se
884 1946 1043 2012 mortuo,
1068 1949 1308 1996 remansuros

179 2043 214 2111 in
228 2045 373 2135 propria
390 2046 499 2112 domo
518 2044 579 2134 qui
597 2045 728 2112 molem
750 2045 888 2135 imperii
908 2045 1138 2113 sustinerent.
1157 2043 1307 2133 Quam·

178 2159 303 2228 obrem
332 2160 393 2250 qui
423 2187 439 2223 «
462 2162 628 2251 componi
650 2160 787 2250 aliquid
813 2161 856 2229 de
879 2184 929 2245 se,
950 2161 1017 2227 nisi
1035 2178 1068 2228 et
1097 2160 1192 2228 serio
1220 2179 1256 2230 et
1290 2185 1310 2228 a

180 2275 499 2365 praestantissimis,
524 2276 772 2345 offendebatur
796 2305 812 2340 »
836 2279 892 2366 (7),
914 2301 933 2345 a
954 2275 1174 2367 peritissimo
1195 2295 1309 2367 poeta

179 2414 320 2460 carmen
354 2393 560 2482 postulavit,
591 2416 663 2482 quo
689 2392 914 2461 Vindelicam
942 2392 1129 2461 victoriam
1145 2393 1308 2462 Tiberii

182 2508 361 2599 Drusique
400 2511 575 2577 Romanis
603 2511 873 2578 commendaret
897 2512 954 2598 (8).
984 2509 1192 2597 injunctum
1235 2510 1310 2578 sibi

179 2646 312 2692 munus
330 2625 377 2693 ita
394 2625 568 2693 Horatius
583 2625 798 2717 praestititut
813 2626 847 2694 in
861 2629 1067 2717 Augustum
1083 2626 1312 2695 redundaret

180 2739 353 2831 quicquid
367 2741 403 2808 in
419 2723 593 2811 honorem
612 2742 860 2832 privignorum
877 2743 953 2831 ejus
969 2741 1158 2809 cecinisset
1175 2742 1235 2832 (9).

224 2857 268 2924 V.
289 2857 382 2946 Quae
404 2879 487 2925 cum
505 2858 660 2948 Augusti
687 2857 888 2926 rationibus
909 2860 999 2926 adeo
1027 2858 1308 2948 responderent,

181 2995 252 3040 non
273 2990 326 3039 est
344 2972 498 3041 mirandi
527 2973 626 3041 locus
655 2976 753 3064 quod
780 2996 852 3041 non
879 2974 980 3064 pauci
1008 2973 1109 3041 illurn
1128 2972 1223 3041 inter
1245 2997 1311 3042 eos

181 3087 383 3157 rettulerint
399 3089 460 3179 qui
487 3117 502 3152 a
522 3090 625 3158 novis
641 3113 681 3158 ex
701 3091 808 3159 rebus
823 3090 929 3174 aucti,
945 3107 1022 3158 tuta
1045 3108 1077 3158 et
1098 3090 1309 3180 praesentia,

217 3395 257 3465 (1)
275 3394 451 3462 Srara.‚1v‚
473 3411 501 3464 p.
524 3393 585 3450 138.

219 3485 256 3552 (ι)
273 3483 379 3540 Carm.
396 3501 438 3546 ιιι,
452 3483 479 3545 5,
496 3483 521 3538 3.

217 3572 256 3643 (3)
273 3571 380 3628 Carm.
398 3591 429 3636 11,
444 3573 470 3642 b,
490 3590 516 3626 2.

218 3661 257 3731 (4)
273 3661 382 3719 Carm,
401 3679 440 3730 ιν,
462 3679 506 3732 14,
522 3679 570 3732 41.

216 3751 253 3820 (5)
269 3749 373 3806 Carm.
386 3767 428 3813 111,
449 3768 492 3821 14,
513 3768 522 3805 1
546 3766 630 3823 seqq.

217 3840 256 3909 (6)
272 3838 377 3894 Carm.
390 3855 432 3907 ιιι,
451 3838 481 3896 5.

216 3929 256 3999 (7)
273 3929 378 3993 Suam,
393 3929 474 4005 Aug.
488 3929 539 4002 89.

216 4017 255 4086 (8)
272 4017 383 4081 Suam,
401 4017 461 4075 Vit.
480 4019 563 4074 Hor.

217 4105 255 4178 (9)
271 4104 377 4161 Carm.
395 4124 485 4176 1v‚4;
501 4139 534 4148 -
552 4124 595 4177 14.
