2970 5280
653 442 811 509 ..8-

174 584 436 676 exemplaribus
450 583 718 674 comparatione
736 584 855 652 vetius
874 585 981 652 hodie
998 583 1175 672 judicatur
1203 608 1293 675 qua·

175 719 279 770 tenus
306 688 456 770 Plautus
488 703 546 790 (1),
571 700 765 768 Terentius
792 703 849 789 (2),
878 700 1043 771 Catullus
1072 702 1130 788 (3),
1163 703 1294 769 Lucte-

175 819 246 886 tius
262 820 306 906 (4)
323 836 357 886 et
372 817 553 908 Vergilius
565 819 608 906 (5)
626 839 818 886 romanum
834 817 1073 906 expresserint
1090 816 1291 908 ingenium.

219 936 274 1003 Ad
294 934 488 1002 Horatium
511 956 593 1002 vero
613 934 710 1023 quod
724 933 863 1016 attinet,
890 933 984 1024 apud
1011 956 1120 1022 quem
1148 932 1184 1000 in
1208 934 1295 1022 lyri-

175 1050 224 1118 cis
247 1051 447 1140 praesertim
474 1049 693 1118 carminibus
716 1049 849 1117 mirum
867 1050 1050 1139 quoddam
1080 1049 1168 1116 effici
1187 1049 1293 1139 graeci

173 1166 324 1256 spiritus
341 1188 424 1234 cum
443 1188 588 1234 romana
607 1165 728 1233 indole
744 1165 847 1254 quasi
865 1164 1062 1233 conubium
1079 1164 1295 1254 jampridem

175 1282 506 1351 animadverterunt
520 1280 646 1364 critici,
665 1282 724 1349 vix
739 1281 813 1350 fieti
830 1300 967 1371 poterat
985 1281 1072 1371 quin
1092 1280 1294 1350 studiosius

176 1397 763 1489 investigarentquadiligentia'ad
776 1419 944 1466 romanos
957 1397 1296 1466 moresGraecorum

175 1533 288 1583 artem
317 1515 638 1583 accommodasset.
668 1515 924 1582 Verumtamen
955 1496 995 1582 eri
1026 1514 1225 1581 innumeris
1257 1513 1295 1581 in

177 1630 317 1699 Horatii
336 1629 493 1698 carmina
509 1630 647 1698 collatis
662 1630 792 1698 studiis
812 1630 860 1720 (6)
876 1629 995 1720 potius
1013 1648 1132 1720 patere
1148 1647 1296 1698 conten·

211 1864 249 1932 (1)
272 1863 451 1930 Fatrzscnn‚
471 1862 516 1916 De
528 1859 638 1936 graecis
647 1859 784 1932 sontibus
799 1861 903 1915 Plauti
916 1861 1026 1934 (1845).
1042 1893 1073 1902 -—
1094 1861 1295 1931 G.Bo1ss1ua‚

93 1981 94 1984 ¹
176 1951 329 2021 Quomodo
355 1967 471 2027 graecos
497 1961 600 2022 poetas
622 1949 747 2004 Plautus
775 1950 963 2006 transtulerit
994 1951 1100 2020 (Paris,
1137 1951 1230 2023 1857).
1261 1985 1296 1992 -

177 2043 301 2109 Duatas,
324 2039 429 2114 Qualis
452 2039 548 2111 suerit
569 2039 696 2112 familia
723 2055 848 2094 romana
877 2051 1008 2113 tempore
1032 2041 1136 2096 Plauti
1164 2059 1204 2096 ex
1231 2039 1297 2115 ejus

168 2129 285 2204 fabulis
306 2129 424 2198 lMolm
446 2128 541 2201 1859).
554 2161 587 2168 -
608 2129 750 2199 Banorsr,
771 2129 818 2184 De
836 2130 973 2202 personis
1000 2130 1190 2186 muliebribus
1215 2132 1297 2204 apud

175 2218 316 2274 Plautum
333 2217 478 2289 (Massil.‚
499 2218 591 2289 1871).
609 2249 642 2258 -
663 2217 858 2290 cincinnos,
880 2220 926 2275 De
944 2223 1037 2275 serris
1052 2220 1131 2294 apud
1152 2220 1296 2274 Plautum

177 2308 301 2380 (Lugd,
322 2307 416 2379 1875),
432 2320 490 2364 etc.

211 2399 249 2467 (2)
273 2399 467 2461 Kcuumuorn,
479 2396 526 2451 De
546 2396 662 2451 ratione
676 2414 763 2470 quam
785 2397 941 2452 Terentius
959 2397 988 2452 in
997 2397 1114 2469 subulis
1127 2398 1237 2477 groecis
1250 2399 1296 2453 la-

176 2487 235 2540 tine
259 2485 463 2541 convertendis
483 2497 597 2541 secutus
611 2497 655 2542 est
670 2477 803 2558 (colon,
823 2488 916 2557 1843).
931 2520 966 2528 -
989 2489 1170 2552 Scuarunua,
1181 2490 1234 2564 De
1245 2505 1296 2543 ro-

176 2575 272 2630 manis
290 2574 419 2630 moribus
423 2574 541 2648 fabulae
554 2573 689 2648 palliatae
706 2575 855 2631 immixtis
868 2577 1109 2648 (Matienweder,
1127 2577 1221 2648 1853),
1235 2589 1294 2633 erc.

213 2665 252 2734 (3)
275 2665 426 2734 Scuunzu,
447 2665 493 2718 De
509 2664 631 2720 Catullo
647 2666 820 2720 Graecorum
838 2665 992 2722 imitatore
1016 2667 1119 2738 (lenae,
1145 2667 1243 2739 1871).
1261 2699 1296 2708 -

177 2753 292 2822 Couar,
313 2753 411 2809 Etude
423 2769 475 2809 sur
491 2753 611 2810 Catulle
626 2754 732 2824 (Paris,
753 2755 847 2827 1874).

211 2843 251 2913 (4)
273 2840 417 2905 Maurus,
430 2843 472 2898 Le
483 2839 588 2916 poema
602 2843 638 2897 de
654 2842 782 2898 Lucrece
798 2842 908 2914 (Paris,
929 2845 1062 2917 1869).-
1074 2847 1238 2915 Wosrrnn‚
1249 2846 1297 2901 De

177 2930 312 2985 Lucretii
324 2930 511 3005 philosophia
526 2949 590 2987 cum
600 2931 736 3007 sontibus
751 2943 925 3005 comparata
938 2933 1123 3007 (Groningae,
1136 2935 1295 3006 1877l‚erc.

212 3021 249 3090 (5)
273 3021 442 3088 Emesena,
468 3019 581 3076 Etudes
607 3037 748 3098 grecques
775 3037 828 3076 sur
855 3023 971 3099 Virgile
995 3023 1102 3092 (Paris,
1132 3022 1227 3093 1815).
1264 3054 1296 3063 -

178 3109 334 3174 Guanuua,
360 3109 406 3164 De
427 3120 584 3182 poetarum
607 3110 804 3166 bucolicorum
827 3112 1000 3167 Graecorum
1022 3111 1170 3186 imprimis
1200 3111 1296 3168 Theo-

177 3197 247 3251 criti
270 3197 451 3253 carminibus
474 3203 492 3253 ὰ
527 3200 656 3276 Vergilio
683 3201 834 3273 expressis
859 3199 958 3274 (Lips.
988 3202 1133 3272 1861)-
1157 3204 1296 3268 1611061111,

182 3286 396 3362 Vergiliusque
406 3305 508 3363 graeca
520 3289 660 3362 exempla
674 3300 787 3345 secutus
802 3292 841 3344 sit
857 3295 885 3344 in
907 3291 1061 3368 Georgicis
1077 3290 1171 3363 (Lips.
1194 3291 1292 3363 1877).

178 3407 210 3414 -
228 3377 368 3445 narsen,
389 3376 435 3431 De
446 3378 557 3452 graecis
572 3377 743 3432 auctoribus
759 3378 787 3432 in
800 3379 956 3455 Georgicis
969 3396 988 3433 a
1005 3380 1136 3455 Vergilio
1144 3382 1297 3454 expressis

177 3462 288 3535 (Haris,
311 3464 406 3536 1878).
433 3497 466 3504 -
484 3467 616 3535 Lumen,
637 3466 835 3539 Antiquitates
862 3468 1043 3545 Vergiliana
1064 3469 1104 3523 ad
1126 3470 1217 3525 uitam
1239 3486 1296 3543 po-

174 3552 240 3626 puli
264 3553 382 3608 romani
404 3554 560 3628 descripta
591 3556 702 3627 (Bonn,
736 3556 832 3626 1843).
866 3588 899 3596 -
938 3558 1076 3628 Bouttos,
1103 3560 1150 3614 De
1179 3575 1297 3614 morum

177 3641 276 3696 indole
291 3641 319 3696 in
339 3642 461 3717 Virgilii
470 3643 599 3698 AEneide
612 3643 723 3714 (Paris.
744 3644 827 3717 1876)
843 3677 876 3684 -
891 3645 1087 3715 Consturuux,
1111 3648 1157 3702 La
1174 3646 1298 3702 couleur

178 3729 271 3785 locale
285 3730 359 3785 dans
375 3730 510 3787 l'Ene'ide
527 3732 699 3802 (Grenoble‚
723 3732 821 3803 1880).

214 3818 249 3887 (6)
271 3820 424 3888 Wnuscu,
445 3822 487 3877 De
512 3821 638 3876 Horatii
665 3821 785 3876 Graecos
815 3822 954 3876 imitandi
981 3823 1078 3878 studio
1104 3823 1296 3896 (Vitebergae,

182 3906 273 3978 1829).
292 3938 325 3947 -
345 3908 484 3979 Annona,
507 3910 617 3978 Quaest.
634 3909 670 3963 de
685 3910 818 3964 Horatio
835 3911 1008 3966 Graecorum
1029 3911 1180 3967 imitatore
1201 3914 1296 3985 (Hal,

182 3995 273 4066 1845).
293 4025 325 4035 -
343 3995 477 4066 Gnaeus,
498 3998 628 4053 Horatii
642 3997 821 4054 Carminum
839 3997 947 4054 librum
963 4000 979 4058 Ι
1001 3999 1157 4059 collatione
1172 4003 1293 4061 Graeco·

179 4101 244 4140 rum
262 4084 424 4144 illustrarit
438 4086 534 4158 (Hah,
556 4086 650 4159 1860),
671 4098 731 4145 erc.
