2970 5280
649 539 825 604 ..41-
919 557 920 560 γ

470 691 566 748 Celsae
583 689 688 746 nidum
704 689 898 746 Acherontiae

399 781 561 863 Saltusque
578 778 726 835 Bantinos
742 791 771 835 et
785 796 889 834 arvum

471 868 621 940 Pingue...
643 867 767 923 humilis
783 867 926 937 Forentil
1004 868 1008 873 '

183 997 276 1086 Quae
292 996 439 1086 quidem
455 995 517 1085 qui
536 1012 730 1087 potuerunt
748 995 865 1086 effingi
888 996 1055 1086 graphice
1077 995 1215 1087 magis?

231 1113 393 1183 Ulterius
418 1113 703 1202 progrediamur,
726 1135 797 1200 quo
820 1135 886 1179 nos
902 1135 984 1180 curn
1009 1111 1159 1180 Horatio
1174 1128 1302 1181 vocant

183 1229 324 1318 Magnae
345 1228 493 1298 Graeciae
513 1228 621 1295 colles
637 1250 719 1295 cum
733 1229 938 1296 amoenitate
955 1247 1033 1296 tum
1051 1228 1229 1296 fertilitate
1246 1250 1302 1296 ce·
1362 1255 1365 1260 ’

186 1344 428 1412 lebratissimi.
452 1345 535 1426 Hie,
554 1345 645 1414 circa
669 1346 765 1412 laetas
783 1344 912 1414 Galaesi
941 1344 1102 1412 fluminis
1126 1343 1221 1434 ripas
1241 1346 1301 1432 (ι),
1399 1356 1401 1362 ’

182 1478 340 1528 errantes
365 1460 546 1528 cernimus
569 1483 653 1528 oves
680 1461 835 1550 pellibus
860 1464 992 1528 velatas
1020 1484 1063 1529 ne
1087 1460 1248 1528 sentibus
1269 1478 1303 1528 et

183 1576 341 1644 dumetis
359 1576 584 1667 praestantior
600 1598 723 1644 earum
750 1578 828 1645 lana
848 1592 1122 1666 corrumpatur3
1144 1577 1214 1659 hic,
1233 1575 1302 1646 Ca-

184 1692 290 1761 labrae
323 1692 429 1760 mella
457 1691 576 1760 ferunt
601 1715 699 1783 apes,
731 1692 829 1762 nilril,
847 1693 1036 1782 Hymettio
1056 1693 1152 1760 melli
1175 1693 1303 1760 ceden-

181 1807 231 1876 tia
254 1807 313 1900 (2),
337 1809 531 1898 Aulonque
556 1831 643 1876 uvas
666 1808 781 1899 gignit
811 1831 891 1898 quae
921 1809 1115 1877 minimum
1143 1808 1302 1876 Falernis

185 1924 369 1991 invideant
393 1926 449 2012 (3).
484 1925 555 1993 Ver
592 1925 640 1992 ibi
663 1926 826 2015 longum,
850 1942 955 2015 atque
983 1944 1198 1994 autumnum
1222 1947 1302 1994 vere

182 2039 297 2130 excipi
312 2057 346 2108 et
359 2041 559 2108 continuari
576 2040 685 2126 dicas,
704 2042 793 2110 adeo
813 2058 934 2130 tepent
949 2041 1085 2109 hiemes
1101 2045 1107 2108 l

229 2157 325 2224 Hinc
344 2156 373 2223 si
388 2155 456 2224 alia
474 2157 529 2222 via
558 2157 713 2224 Romam
740 2158 884 2249 repetis,
900 2176 988 2246 quot
1004 2157 1123 2224 adhuc
1142 2156 1302 2224 invenias

181 2273 257 2340 loca
288 2271 322 2339 in
355 2272 550 2340 horatianis
577 2272 798 2341 carminibus
834 2273 980 2341 nominc
1010 2273 1206 2372 designata,
1241 2289 1303 2340 aut

182 2387 380 2456 verissimis
397 2388 616 2478 imaginibus
633 2389 797 2478 depicta:
819 2391 1049 2479 Tyrrhenum
1071 2411 1168 2456 mare
1189 2410 1300 2478 oppo-

182 2503 261 2569 sitis
282 2503 488 2593 pumicibus
514 2504 741 2572 debilitatum
763 2507 826 2592 (4];
857 2506 1009 2572 otiosam
1037 2502 1212 2594 Neapolin
1235 2505 1299 2591 (5)3

182 2609 382 2678 Lucrinum
420 2611 556 2692 lacum,
606 2633 675 2678 non
709 2611 829 2678 minus
861 2610 1058 2702 conchyliis
1100 2632 1208 2700 quam
1235 2610 1301 2678 loci

180 2725 387 2793 amoenitate
415 2727 590 2794 Romanis
626 2727 824 2811 iucundum
841 2729 907 2815 (6);
937 2727 1103 2816 liquidas,
1126 2725 1230 2794 Baias
1256 2728 1302 2815 (7)

180 2841 240 2908 ubi
257 2841 365 2909 maris
384 2841 487 2908 litora
510 2841 723 2909 submovere
745 2843 884 2927 nititur,
905 2843 995 2912 mira
1013 2842 1216 2933 quaerendae
1240 2863 1301 2909 vo-

182 2957 330 3047 luptatis
349 2958 498 3041 ratione,
516 2959 702 3026 Romanus

466 3082 577 3137 Parum
593 3081 730 3155 locuples
744 3083 921 3140 continente
939 3083 1003 3156 ripa
1018 3084 1060 3150 (8)
1073 3102 1080 3152 ;

180 3230 283 3298 agros
306 3208 381 3276 vini
402 3207 656 3292 feracissimos,
684 3207 874 3293 Calenum,
901 3209 1148 3292 Formianum,
1180 3209 1300 3278 Faler-

182 3345 363 3413 numque3
381 3323 497 3391 lelicia
514 3345 595 3392 rura
612 3339 692 3413 quae
710 3323 805 3392 Liris
819 3323 939 3414 quieta

220 3538 257 3606 (ι)
273 3534 382 3590 Carm.
402 3553 434 3606 ιι,
448 3537 476 3606 6,
497 3552 541 3591 ιο.

216 3622 256 3694 (a)
270 3622 379 3679 Carm.
399 3640 441 3693 ιιι,
459 3625 502 3692 ι6,
519 3623 573 3693 333
591 3643 622 3694 ιι,
635 3624 662 3692 6,
684 3642 730 3694 14.

215 3711 253 3782 (3)
268 3713 374 3768 Carm.
391 3731 423 3783 ιι,
440 3715 468 3782 6,
487 3731 530 3785 17.

215 3802 255 3871 (4)
270 3801 376 3858 Carm.
393 3821 413 3870 1,
430 3819 473 3872 ιι,
491 3803 517 3857 5.

216 3889 255 3960 (5)
272 3890 368 3963 Epod.
386 3890 412 3958 5,
428 3890 475 3961 43.

216 3978 253 4049 (6)
270 3978 377 4035 Carm.
395 3997 425 4047 ιι,
447 3980 491 4048 ι5,
509 3978 659 4052 3;Epod.
677 3997 705 4048 2,
719 3998 767 4054 49.

217 4067 255 4138 (7)
271 4067 377 4124 Carm.
395 4085 437 4131 ιιι,
458 4084 488 4138 4,
506 4085 551 4138 24.

216 4155 257 4230 (8)
271 4155 376 4212 Carm.
394 4172 425 4227 ιι,
444 4156 488 4225 18,
504 4175 548 4216 at.
