2970 5280
644 511 826 600 -93.„

178 677 260 723 rum
286 653 477 746 religiones
499 654 583 724 ferri
615 655 749 738 studio,
784 655 838 723 cui
868 653 1012 723 infamis
1045 655 1105 723 illa
1126 660 1300 736 δωδεκάθεος
1371 639 1377 650 ’

179 793 265 838 cena
283 769 341 859 (r),
356 771 607 861 dejectumque
622 771 735 860 impia
756 793 864 838 manu
884 769 1045 860 Neptuni
1064 770 1299 838 simulacrum

180 887 623 977 objiceretur(2),tamque
640 887 898 974 impensacura
913 887 1301 955 refrenandisaliorum

71 1002 83 1019 ”
181 1003 369 1072 adulteriis
390 1005 597 1072 incumbere
626 1004 687 1094 qui
716 1022 789 1072 tam
818 1025 946 1093 parcus
976 1003 1157 1092 pudicitiae
1186 1002 1302 1070 cultor

183 1120 374 1189 haberetur
391 1122 447 1208 (3),
466 1143 536 1188 non
558 1143 752 1210 possumus
779 1119 866 1209 quin
897 1120 1096 1207 iudicemus
1124 1121 1161 1187 id
1186 1101 1301 1187 unum

183 1236 234 1305 illi
254 1259 465 1327 persuasum
487 1236 611 1321 luisse,
636 1237 821 1327 publicum
843 1235 976 1305 scilicet
997 1237 1147 1304 deorum
1164 1237 1301 1304 cultum

181 1353 420 1444 publicosque
453 1376 571 1422 mores
607 1376 683 1421 esse
726 1354 769 1421 ad
812 1353 1068 1421 stabiliendum
1108 1352 1302 1443 imperium

182 1471 413 1538 necessarios.
444 1468 563 1540 Simili
591 1469 726 1537 ratione
752 1469 926 1538 Horatius
953 1469 1087 1552 utitur;
1114 1469 1302 1537 reficienda

182 1588 335 1655 deorum
349 1587 481 1676 templa
496 1587 678 1676 praedicat,
691 1586 849 1676 deosque
861 1585 1003 1676 imperii
1017 1585 1183 1653 custodes
1195 1585 1302 1668 canit,
1403 1577 1405 1580 ⁴

183 1703 247 1793 qui
266 1726 301 1771 se
320 1704 364 1771 ab
382 1703 541 1794 Epicuro
558 1703 688 1772 fatetur
705 1702 873 1771 didicisse
887 1704 974 1770 deos
992 1730 1008 1766 «
1024 1725 1190 1770 securum
1201 1724 1304 1794 agere

183 1841 303 1888 aevum
331 1845 349 1885 >i
374 1821 430 1907 (4),
466 1823 705 1888 humanarum
734 1842 854 1888 rerum
882 1820 1095 1887 incuriosos.
1122 1817 1240 1890 Stoice
1260 1820 1304 1886 de

184 1936 348 2004 moribus
371 1936 534 2027 praecipit'
558 1936 704 2026 Epicuri
724 1935 936 2026 discipulus,
954 1935 1153 2025 caelebsque
1178 1934 1245 2025 legi
1262 1936 1304 2003 de
1382 2011 1385 2015 ⁴

184 2051 399 2121 maritandis
424 2053 614 2120 ordinibus
640 2052 779 2142 plaudit
796 2054 850 2140 (5).
878 2053 961 2122 Non
983 2053 1101 2120 omnis
1121 2071 1305 2142 propterea

188 2169 342 2237 Horatio
359 2171 481 2237 deesse
495 2169 604 2237 animi
622 2168 805 2259 persuasio
822 2169 971 2237 dicenda
986 2188 1061 2252 est3
1078 2167 1305 2258 vituperabili

185 2303 308 2354 autern
327 2285 566 2354 inconstantia
588 2285 751 2375 publicos
781 2308 900 2354 mores
927 2308 946 2353 a
973 2285 1119 2376 privatis
1141 2285 1305 2369 secernit,

186 2402 409 2493 firmiterque
429 2421 548 2471 censet
565 2402 698 2471 civitati
716 2402 957 2492 iniungendos
974 2425 1092 2470 mores
1109 2426 1198 2486 esse,
1220 2403 1307 2491 quid

185 2519 265 2610 ipse
293 2537 372 2609 agat
400 2522 485 2588 satis
513 2541 671 2588 securus.
703 2521 870 2587 Attamen
899 2519 1042 2588 videtur
1067 2519 1157 2586 milri
1185 2518 1221 2586 in
1250 2518 1309 2586 illa

153 2715 156 2720 ¹
184 2635 326 2705 ‘ratione
344 2636 458 2727 magis
477 2658 560 2704 cum
577 2638 743 2726 Augusto
759 2636 927 2719 sensisse,
942 2658 1050 2725 quam
1066 2634 1307 2725 conspirasse3

185 2754 353 2822 nondum
385 2753 482 2821 enim
514 2753 777 2821 necessitudine
811 2754 883 2821 ulla
913 2751 1066 2842 principi
1098 2749 1308 2837 adhaeserat‚

185 2892 272 2939 cum
292 2869 362 2957 jam
388 2870 423 2936 in
452 2891 570 2937 mores
591 2888 780 2961 corruptos
800 2867 970 2938 acerrime
988 2868 1228 2952 inveheretur,
1249 2891 1310 2936 ex-

185 2988 433 3077 clamaretque
454 3006 461 3055 :

461 3191 586 3264 Templa
603 3205 694 3247 ruunt
709 3105 963 3265 amiqufflem?
978 3192 1031 3262 (6).

233 3337 316 3404 Jarn
344 3359 427 3404 vero
458 3337 501 3404 de
531 3335 645 3425 ipsius
666 3336 840 3426 principis
866 3335 1032 3404 laudibus
1059 3356 1133 3402 rem
1154 3334 1312 3420 judicatu

181 3451 430 3524 difficiliorem
447 3476 523 3521 esse
541 3476 611 3520 non
626 3451 798 3537 diffiteor3
816 3475 897 3520 cum
912 3452 1009 3521 enim
1021 3473 1163 3521 carmen
1181 3450 1313 3540 saepius

226 3725 267 3795 (ι)
290 3723 393 3794 Soter„
409 3723 491 3799 Aug.
512 3740 559 3795 70.

221 3813 271 3883 (a)
291 3811 380 3877 ibid,
399 3812 443 3868 16.

223 3902 267 3974 (3)
287 3900 384 3967 ibid„
401 3901 448 3973 69,
466 3919 514 3973 70,
531 3920 582 3973 71.

219 3992 268 4064 (4)
289 3991 354 4047 Sat.
372 4009 391 4061 r,
411 3991 437 4062 5,
458 4009 520 4046 101.

224 4083 267 4154 (5)
290 4081 493 4151 Carmfsaec„
513 4098 559 4154 17.
823 4129 825 4133 .
864 4129 868 4132 .

227 4173 269 4246 (6)
289 4173 354 4227 Sat.
371 4189 402 4236 11,
419 4189 447 4242 2,
466 4171 517 4228 rot
535 4175 628 4237 (anno
645 4187 701 4242 7¹9
715 4167 848 4242 scripta).
958 4211 961 4218 .
