2970 5280
644 507 852 555 -111-·

194 629 423 723 philosophia
445 630 480 698 in
502 629 785 721 disputationem
810 648 971 715 vocatur,
990 627 1169 698 curiosius
1188 629 1231 699 ad
1257 652 1315 698 eas

194 747 434 839 philosophiae
454 764 571 838 partes
597 748 786 838 respicere,
822 769 903 838 quae
938 747 981 816 de
1014 748 1089 815 Deo
1128 763 1161 816 et
1195 746 1315 816 anima

195 865 351 933 humana
383 880 547 950 tractant,
578 886 662 933 cum
679 886 786 932 omne
812 861 922 955 prope
940 863 1161 932 studiumad
1189 868 1310 932 mores

194 981 421 1050 converterit.
440 981 496 1049 Ad
511 1002 693 1050 summam
714 981 833 1073 itaque
849 996 1036 1050 teneamus
1051 1003 1123 1051 non
1136 979 1321 1064 discrimi-¹

194 1099 251 1166 nis
275 1098 470 1189 quicquam
497 1097 595 1166 aliud
623 1098 715 1167 inter
744 1099 902 1183 carmina
928 1116 963 1167 et
985 1097 1193 1182 Sermones,
1216 1091 1319 1189 quoti

193 1214 238 1282 ad
254 1213 473 1307 theologiam
491 1214 658 1306 pertinet,
680 1208 916 1284 animadverti
938 1238 1057 1307 posse,
1077 1232 1187 1306 quam
1215 1216 1312 1306 qu'od

195 1331 230 1398 in
246 1329 365 1421 lyricis
381 1330 603 1400 carminibus
622 1331 665 1400 de
683 1331 752 1400 diis
774 1348 807 1400 et
824 1331 1022 1423 praesertim
1040 1332 1086 1400 de
1109 1330 1207 1401 cultu
1227 1331 1316 1421 ipsis

192 1446 400 1516 adhibendo
413 1446 529 1516 susius
554 1465 587 1517 et
604 1447 796 1517 sublimius
815 1448 955 1518 cecinit.
1167 1451 1171 1458 ’

240 1563 300 1632 lV.
330 1563 560 1656 Sequiturut
586 1550 813 1655 inquiramus
841 1563 928 1656 quid
954 1571 1145 1634 romanum
1175 1586 1248 1656 prae
1279 1589 1314 1634 se

191 1682 281 1748 terat
300 1681 442 1751 Horatii
460 1681 704 1774 philosophia.
1233 1680 1236 1684 ’

238 1795 275 1868 Si
291 1798 385 1888 quis,
405 1799 599 1890 perspectis
619 1820 776 1868 romanae
799 1797 1040 1889 philosophiae
1054 1801 1312 1884 monumentis,

193 1936 273 2005 quae
293 1913 398 1985 suerit
415 1916 491 2000 ejus
510 1916 651 1985 indoles
666 1914 820 1985 breviter
839 1914 987 1984 delinire
1008 1915 1106 2001 velit,
1125 1915 1219 1984 haud
1237 1916 1311 1984 scio

190 2053 237 2098 an
251 2020 437 2100 verissime
455 2032 567 2117 illam,
583 2056 621 2102 ex
636 2031 775 2103 Afranii
788 2032 960 2101 sententia
980 2032 1166 2124 paululum
1182 2033 1311 2101 immu-

190 2162 277 2234 tata,
293 2134 403 2218 liliam
422 2149 520 2220 Usus
542 2167 575 2218 et
590 2148 776 2218 Memoriae
792 2167 983 2218 vocaturus
1002 2149 1047 2218 sit
1065 2151 1124 2238 (1).
1144 2151 1313 2240 Namque

191 2286 248 2333 ars
264 2244 547 2357 philosophandi
565 2266 692 2335 Romae
710 2266 896 2357 peregrina
913 2282 979 2349 est,
1001 2267 1163 2334 doctrina
1180 2265 1313 2334 adven·

190 2379 287 2464 ticia,
308 2399 453 2472 totaque
479 2406 496 2450 e
519 2381 727 2452 Graecorum
750 2382 849 2450 libris
874 2382 1025 2450 hausta:
1055 2383 1142 2450 satis
1169 2382 1211 2452 de
1247 2404 1312 2451 suo

189 2498 353 2568 collaturi
376 2499 529 2569 Romani
550 2498 619 2568 sibi
637 2499 865 2584 videbantur,
882 2499 910 2566 si
926 2499 1060 2590 proprii
1076 2498 1207 2590 ingenii
1229 2516 1311 2568 nota

190 2636 270 2683 eam
292 2615 487 2706 signantes,
516 2616 560 2684 ad
588 2616 780 2685 utilitatem
812 2624 1072 2684 converterent.
1108 2616 1178 2686 Ubi
1214 2615 1310 2684 enim

191 2733 386 2801 Romam«
413 2733 554 2802 influxit
572 2732 907 2802 abundantissimus
924 2731 1041 2801 amnis
1067 2732 1210 2801 illarum
1237 2733 1310 2801 dis·

190 2846 406 2940 ciplinarum
435 2868 469 2919 et
499 2828 630 2920 artium
659 2878 675 2914 n
703 2852 760 2940 (2),
791 2850 913 2920 statim
945 2849 1058 2941 patuit
1089 2851 1309 2935 Romanum,

190 2959 350 3028 scientiae
367 2959 489 3027 minus
507 2958 711 3051 studiosum
735 2980 844 3048 quam
861 2958 996 3050 proprii
1023 2957 1204 3033 commodi
1229 2957 1311 3027 dili·

189 3094 350 3167 gentem,
374 3097 519 3144 omnem
535 3096 680 3166 operam
696 3074 731 3142 in
750 3097 791 3142 eo
807 3074 1010 3167 positurum
1028 3097 1104 3142 esse
1122 3091 1160 3142 ut
1178 3074 1310 3164 paratis
1377 3103 1380 3107 ’
1415 3106 1418 3111 >

190 3191 377 3282 sapientiae
393 3192 524 3284 opibus
550 3209 721 3275 uteretur,
741 3192 872 3259 nedum
900 3213 957 3258 eas
985 3212 1111 3281 augere
1138 3191 1308 3260 studeret.

188 3308 334 3376 Tullius
352 3309 432 3377 ideo
449 3308 687 3399 philosophos
708 3307 797 3392 adit,
820 3307 904 3398 quia
929 3307 1112 3375 neminem
1137 3307 1213 3375 sine
1231 3307 1310 3397 phi·

188 3425 355 3515 Iosophia
376 3429 549 3516 magnum
566 3443 744 3495 oratorem
761 3424 947 3519 exsistere
972 3423 1131 3512 judicat;
1156 3431 1311 3520 cumque

185 3533 481 3614 aetate'r'itaturior
507 3541 651 3633 illorum
682 3563 789 3633 opera
817 3540 939 3635 latinis
978 3540 1107 3609 litteris
1133 3540 1310 3639 illustrare

222 3814 261 3886 (r)
281 3812 370 3886 Apud
386 3813 463 3869 Aue.
479 3812 566 3884 Gru,
587 3811 698 3882 xt11,8.
719 3842 752 3852 -
772 3810 967 3884 O.R1auacrr,
984 3812 1074 3870 Com.
1100 3811 1152 3867 iat.
1181 3811 1308 3894 fragm„

179 3927 217 3983 p.
246 3920 322 3963 ποτε
928 3919 930 3922 ⁴

455 3973 519 4018 Usus
534 3985 571 4017 me
586 3971 676 4031 genuit,
689 3979 765 4017 mater
777 3972 869 4030 peperit
884 3973 999 4018 Memoria
1011 3989 1017 4029 ;

458 4044 572 4103 Sophiam
592 4050 678 4089 vocant
693 4056 730 4088 me
747 4043 820 4099 Graii,
836 4057 878 4094 vos
887 4042 1043 4101 Sapientiam.

219 4141 261 4212 (α)
284 4137 362 4210 Cro,
376 4137 412 4194 de
427 4137 500 4211 Rep.
514 4154 546 4200 11,
566 4152 609 4209 19·
