2970 5280
125 675 355 748 recentesque
384 677 507 750 poetas
540 661 695 753 reperias
730 663 792 753 qui
821 665 896 754 pari
923 687 1004 733 cum
1034 665 1187 733 Horatio
1208 665 1243 733 in

126 774 395 868 philosophiam
413 776 535 846 studio
549 777 731 864 exarserit,
746 775 867 870 atque¹
889 780 1083 850 sententias
1104 804 1143 850 ex
1166 782 1244 874 plri-

125 892 361 984 losopborum
385 893 518 962 scholis
534 893 570 962 in
589 895 663 963 suis
689 896 908 965 carminibus
926 896 1128 967 intexuerit.
1146 898 1245 966 Man·

126 1030 205 1077 cam
225 1008 335 1100 igitur
355 1028 389 1078 et
405 1010 571 1079 mutilam
588 1011 661 1080 fore
679 1013 769 1081 hanc
781 1012 1132 1083 dissertatiunculam
1148 1014 1244 1102 juxta

127 1149 273 1195 mecum
299 1128 511 1218 intellegunt
529 1151 671 1213 omnes,
690 1128 758 1197 nisi
788 1129 824 1198 in
843 1131 959 1199 lucem
976 1132 1152 1222 prolatum
1167 1130 1244 1201 lue·

128 1243 172 1311 rit
192 1243 281 1333 quid
295 1265 485 1314 romanum
502 1245 629 1336 sapiat,
644 1247 698 1314 vel
717 1245 754 1313 in
770 1247 990 1316 carminibus
1008 1247 1140 1338 lyricis,
1154 1247 1244 1316 ratio

125 1359 409 1451 philosophandi
427 1360 625 1430 horatiana.
823 1455 824 1458 Ἴ

174 1477 393 1546 Erraverunt
412 1478 530 1559 multi,
548 1480 636 1546 dum
653 1500 795 1569 sparsas
816 1480 852 1547 in
872 1496 948 1549 toto
977 1480 1118 1549 Horatii
1137 1502 1243 1571 opere

126 1594 321 1664 sententias
349 1594 385 1663 in
414 1617 542 1680 unum,
562 1586 595 1664 et
623 1595 769 1685 quidem
797 1596 902 1664 certis
928 1597 1060 1665 finibus
1089 1595 1251 1665 circum?

126 1711 315 1803 scriptum,
329 1712 501 1781 doctrinae
517 1734 648 1804 corpus
666 1712 824 1804 redigere
841 1714 1070 1782 conatisunt.
1089 1714 1243 1782 Praemo·

127 1845 255 1902 nuerat
273 1827 421 1918 quidem
440 1846 542 1919 poeta
560 1827 701 1898 luturos
719 1829 919 1898 carminum
935 1830 1240 1921 interpretesope-

126 1966 204 2014 ram
222 1967 322 2013 suam
343 1944 524 2035 perditum
542 1944 669 2029 ituros,
689 1945 717 2012 si
748 1962 947 2035 quaererent
976 1968 1049 2036 quo
1077 1968 1113 2014 se
1138 1946 1241 2030 duce,

124 2083 200 2151 quo
216 2063 288 2130 lare
301 2078 436 2131 tutatus
453 2078 568 2145 esset,
589 2084 685 2146 nam,
705 2062 902 2152 inquiebat,

271 2229 392 2288 Nullius
403 2231 543 2288 addictus
556 2233 656 2307 jurare
672 2232 702 2288 in
720 2233 810 2290 verba
826 2233 972 2306 magistri,

271 2331 340 2400 Quo
353 2347 400 2387 me
413 2347 544 2404 cumque
558 2329 634 2404 rapit
646 2343 810 2404 tempestas
824 2331 945 2387 deferor
959 2331 1094 2405 hospes(
1115 2338 1137 2399 ).

175 2518 221 2586 Et
244 2540 327 2587 vero
352 2518 438 2587 satis
463 2536 537 2588 erat
564 2522 607 2589 ad
635 2522 831 2589 cavendum
856 2542 1013 2589 errorem
1035 2519 1244 2589 meminisse

127 2635 313 2725 quomodo
332 2637 469 2704 soleant
489 2655 603 2727 poetae
623 2637 808 2706 materiam
830 2660 870 2705 ex
895 2637 1122 2729 philosophis
1147 2658 1245 2705 sum·

127 2770 228 2843 ptam
245 2751 281 2821 in
297 2752 456 2821 carmina
470 2753 732 2823 transfundere.
748 2753 784 2826 Si
798 2753 1035 2845 paucissimos
1048 2753 1246 2822 admodum

127 2867 283 2960 excipias
299 2868 360 2959 qui
380 2868 416 2937 id
432 2869 499 2938 sibi
516 2871 741 2961 propositum
759 2870 975 2954 habuerunt,
994 2888 1032 2939 ut
1046 2869 1246 2939 doctrinam

127 2985 287 3076 aliquam
316 2985 465 3076 poeticis
486 2987 686 3055 luminibus
710 2987 944 3072 illustrarent,
970 3009 1075 3056 nemo
1100 2985 1171 3084 lere
1195 3004 1248 3055 est

127 3102 331 3194 praesertim
357 3102 452 3194 apud
485 3103 654 3193 antiquos
686 3104 746 3193 qui
781 3129 818 3173 se
849 3103 911 3172 uni
946 3103 1247 3194 philosophorum

128 3237 235 3287 sectae
251 3219 440 3288 dediderit.
461 3218 647 3311 Quicquid
665 3204 856 3311 sapienter,
875 3218 1050 3310 quicquid
1066 3221 1246 3309 praeclare,

127 3334 303 3426 quicquid
323 3335 511 3426 magnifice
528 3359 547 3403 a
565 3336 790 3427 philosophis
808 3335 997 3425 cujuslibet
1016 3335 1148 3403 scholae
1161 3334 1249 3403 olim

125 3450 314 3544 proditum
331 3432 397 3534 est,
415 3452 450 3519 id
474 3474 581 3520 omne
604 3454 646 3521 ad
669 3475 806 3542 poesim
824 3451 1000 3544 pertinere
1015 3450 1247 3536 arbitrantur,

124 3585 250 3658 atque,
274 3587 312 3637 ut
333 3568 421 3670 leret
437 3587 580 3660 tempus
596 3571 648 3637 vel
668 3569 806 3660 poetica
823 3568 992 3638 carminis
1010 3567 1113 3651 rati0,
1137 3567 1248 3658 parati

124 3703 216 3756 sunt
232 3685 367 3777 proprii
393 3684 481 3771 juris
506 3686 630 3755 facere.
656 3685 870 3776 Epicuream
895 3686 939 3754 de
963 3683 1089 3753 mundi
1112 3683 1250 3774 origine

123 3802 347 3874 sententiam
362 3802 543 3894 Vergilius
570 3803 605 3870 in
629 3801 800 3871 bucolicis
817 3800 990 3893 expressit
1012 3803 1080 3890 (2);
1096 3799 1195 3869 idem
1214 3798 1250 3866 in

134 4119 138 4125 .
164 4072 206 4144 (r)
226 4070 325 4145 Epist.
344 4087 369 4141 1,
389 4087 414 4143 r,
434 4086 478 4140 ¹4·

164 4160 209 4235 (a)
226 4158 293 4218 Ecl.
310 4177 349 4233 vr,
366 4159 398 4216 31
424 4176 509 4234 seqq.
