2970 5280
630 501 833 570 -106-

320 674 374 730 Est
388 671 497 728 modus
518 671 550 726 in
567 670 669 742 rebus,
686 681 758 725 sunt
772 668 848 725 certi
863 667 994 742 denique
1015 666 1102 739 lines,
1148 708 1153 713 -

320 772 406 842 Quos
427 768 505 826 ultra
524 768 661 842 citraque
677 765 783 841 nequit
798 765 966 824 consistere
982 778 1097 823 tectum
1112 765 1154 840 (ι)
1173 765 1186 822 l

178 952 319 1022 Eadem
334 950 443 1043 igitur
460 949 652 1040 utrobique
670 949 713 1017 de
731 947 894 1017 moribus
908 941 1084 1032 doctrina,
1100 946 1171 1016 nisi
1189 947 1305 1039 quod,

176 1090 256 1160 quae
274 1086 326 1136 est
344 1065 443 1159 lyrici
457 1066 625 1136 carminis
640 1083 779 1149 natura,
803 1064 861 1134 hic
877 1063 1060 1155 copiosius
1076 1063 1305 1156 depingitur,

177 1184 251 1254 illic
266 1182 475 1275 diligentius
489 1181 670 1251 definitur.

220 1299 258 1370 si
284 1322 423 1390 quaeras
450 1299 537 1390 quid
565 1299 608 1367 de
634 1299 754 1366 anima
788 1298 945 1366 humana
965 1296 1109 1382 sentiat,
1135 1315 1233 1366 certe
1270 1297 1305 1365 in

176 1416 379 1485 carminum
397 1415 499 1485 libris
517 1436 644 1506 parum
663 1437 785 1485 curare
802 1415 943 1484 videtur
960 1431 1096 1498 utrum,
1109 1433 1193 1506 post
1205 1400 1309 1483 exac-

176 1553 249 1603 tam
278 1533 402 1615 vitam,
429 1532 549 1600 anima
571 1531 642 1613 illa,
667 1554 777 1622 quam
805 1531 892 1600 olim
924 1531 1056 1600 divinae
1085 1530 1307 1623 particulam

178 1672 273 1719 aurae
294 1648 499 1740 appellavit,
518 1648 561 1716 ad
583 1670 688 1717 suum
716 1645 936 1740 principium
966 1625 1149 1716 reuersura
1178 1647 1242 1739 sit,
1267 1665 1307 1717 ut

178 1789 241 1835 sua
260 1765 382 1835 virtuti
399 1788 533 1834 merces
548 1765 744 1856 contingat.
763 1767 846 1835 Non
862 1765 969 1834 aliam
987 1763 1084 1833 enim
1110 1763 1307 1834 immorta-

177 1882 315 1952 litatem
342 1881 481 1973 magnis
508 1880 593 1949 viris
620 1881 807 1972 pollicetur
835 1902 943 1972 quam
975 1879 1133 1949 nominis
1159 1899 1197 1949 et
1226 1882 1308 1972 glo·

132 2029 133 2032 ¹
178 1998 297 2090 tieem)
315 2023 325 2082 ς
341 2016 513 2082 ceterum,
533 1997 750 2066 immortalia
771 2021 843 2066 non
860 1997 1034 2089 speranda
1052 2014 1160 2065 sunt:

498 2160 563 2214 Nos
577 2157 629 2215 ubi
646 2157 825 2229 decidimus,

353 2250 423 2318 Quo
437 2258 522 2320 pater
536 2248 657 2313 AEneas,
674 2265 736 2321 quo
752 2246 835 2304 dives
847 2246 956 2303 Tullus
973 2260 1002 2304 et
1020 2246 1133 2314 Ancus,

499 2335 601 2396 Pulvis
616 2349 644 2394 et
660 2338 767 2394 umbra
783 2355 888 2394 sumus
904 2338 951 2409 (3).

177 2516 302 2584 Manes
336 2516 465 2584 labulae
490 2534 574 2585 sunt
597 2519 664 2606 (4);
706 2515 929 2606 Quintilium
962 2465 1156 2609 perpetuus
1191 2463 1311 2612 sopor

179 2649 279 2722 urget
296 2634 364 2721 (5);
390 2654 467 2700 sors
492 2631 658 2701 omnium
682 2633 796 2703 serius
814 2634 914 2702 ocius
933 2657 1022 2703 urna
1039 2633 1161 2722 exibit,
1180 2659 1249 2705 nos
1268 2636 1308 2706 in

179 2767 352 2817 aeternum
370 2749 536 2817 exsilium
554 2749 766 2841 impositura
780 2749 917 2841 cymbae
931 2751 995 2838 (6).

223 2866 304 2934 Non
330 2865 433 2933 aliter
450 2865 487 2932 in
505 2863 743 2936 Sermonibus
760 2866 803 2936 de
820 2867 937 2935 futura
960 2867 1151 2936 hominum
1173 2872 1308 2940 condi-

178 2981 278 3048 cione
294 2981 425 3049 sentire
447 2981 707 3050 existimandus
723 3002 788 3066 est,
807 3005 890 3052 cum
910 2984 1122 3053 Numicium
1138 3007 1306 3074 moneat,

177 3115 369 3189 postquam
387 3096 530 3166 divitias
546 3115 580 3166 et
595 3098 747 3189 gloriam
765 3116 917 3168 sectatus
942 3099 1061 3186 luerit,
1085 3100 1153 3193 ipsi
1178 3120 1306 3175 tamen

176 3215 429 3283 eundumesse
442 3217 594 3285 «Numa
606 3239 679 3306 quo
692 3216 1067 3309 deveniretAncusl7)
1082 3218 1305 3306 »mimirum

177 3323 277 3399 inter
288 3330 413 3400 inanes
427 3331 588 3416 umbras,
607 3335 834 3431 postuletque
847 3334 892 3402 ab
908 3356 949 3403 eo
964 3333 1026 3424 qui
1047 3335 1194 3426 sapiens
1207 3337 1305 3407 futu-

211 3600 250 3671 (ι)
265 3601 330 3656 Sat.
350 3618 373 3669 1,
394 3618 418 3669 1,
439 3600 502 3656 106.

211 3687 428 3760 (alCartn.1v,
445 3689 473 3758 8,
490 3689 526 3745 26
544 3705 629 3763 seqq.
730 3734 734 3742 .

210 3777 248 3849 (3)
270 3778 374 3835 Carm.
394 3793 434 3846 iv,
449 3794 477 3851 7,
499 3795 545 3848 ¹4·

212 3867 249 3936 (4)
270 3865 374 3925 Carm.
390 3884 409 3933 1,
424 3884 454 3938 4,
474 3868 519 3924 16.

211 3955 249 4027 (5)
269 3955 376 4014 Carm.
392 3974 413 4027 1,
429 3973 476 4027 24,
496 3956 520 4013 5.

211 4045 251 4116 (6)
271 4044 381 4104 Carm.
400 4063 433 4111 u,
452 4045 478 4116 3,
493 4046 543 4102 25.

210 4136 254 4207 (7)
274 4133 371 4209 Epist.
388 4153 407 4201 1,
424 4135 451 4201 6,
469 4152 514 4208 27.
