2970 5280
582 478 763 574 *95-

111 650 257 699 causam
274 651 351 697 esse
373 628 499 712 credit,
517 645 623 716 atque
638 645 677 695 ut
693 628 821 696 iisdem
837 622 981 718 templis
997 623 1092 716 juxta
1109 626 1233 696 colun-

112 765 185 831 tur,
215 746 263 814 ita
291 744 420 813 iisdem
452 745 597 834 hymnis
635 761 830 833 utrumque
884 743 1048 812 includit.
1079 744 1235 835 Augusti

112 863 284 945 victoriae,
304 882 462 929 romanae
484 859 642 929 victoriae
659 876 756 944 sunt,
776 859 960 950 habitique
977 863 1144 950 Augusto
1171 862 1236 928 ho-

115 1001 222 1047 nores
239 977 274 1045 in
296 979 450 1045 Romam
467 978 610 1044 cadunt.
631 977 734 1044 Hanc
757 976 909 1045 Horatio
926 993 964 1044 ut
981 977 1094 1067 ipsius
1116 998 1235 1066 aequa·

116 1094 211 1163 libus
230 1092 503 1184 persuasionem
531 1115 608 1160 esse
633 1092 690 1159 vir
708 1091 850 1160 diffiteri
877 1092 1057 1160 sustinent
1084 1093 1235 1161 severis-

117 1209 200 1278 simi
217 1210 366 1297 judices,
384 1208 560 1298 invitique
574 1210 788 1291 concedunt,
806 1208 979 1298 quicquid
1005 1209 1041 1276 in
1064 1208 1237 1299 principis

118 1328 293 1395 honorem
310 1344 424 1407 canat,
436 1325 471 1394 id
490 1326 592 1393 illum
606 1340 776 1414 tanquam
788 1324 969 1414 publicam
987 1325 1236 1394 Romanorum

117 1464 242 1511 vocem
264 1464 390 1510 canere
408 1442 464 1530 (r).
485 1440 595 1528 Quod
626 1441 654 1507 si
684 1441 720 1507 in
746 1440 822 1528 ejus
843 1440 982 1531 generis
1016 1440 1237 1510 carminibus

114 1575 226 1627 acutae
249 1557 345 1626 naris
366 1557 478 1625 critici
500 1556 637 1647 aliquid
662 1557 849 1646 operosius
875 1556 1138 1626 animadvetere
1169 1557 1236 1625 sibi

114 1674 181 1743 visi
208 1691 305 1756 sunt,
321 1673 348 1741 si
378 1673 499 1742 minus
525 1672 639 1741 facilis
666 1695 804 1757 versus,
840 1672 1056 1763 implicatior
1090 1675 1237 1764 stropha

116 1790 225 1875 cadit,
244 1813 314 1858 non
333 1807 385 1858 est
407 1790 505 1880 quod
533 1788 750 1857 arbitremur
785 1789 917 1858 idcirco
947 1790 1036 1858 illud
1067 1790 1238 1859 accidisse

116 1908 215 1996 quod
243 1907 316 1975 veri
344 1929 471 1975 sensus
499 1906 703 1974 deficerent.
734 1907 980 1995 Praeterquam
1010 1907 1105 1995 quod
1134 1923 1237 1997 poeta

116 2041 156 2090 ut
185 2023 335 2091 candide
365 2045 436 2091 non
463 2022 571 2107 semel
601 2023 800 2112 profitetur,
837 2021 1032 2112 pindaricis
1069 2022 1238 2113 operibus

117 2140 242 2208 minus
262 2158 335 2208 erat
353 2138 518 2223 idoneus,
537 2138 573 2205 id
591 2138 697 2206 etiarn
713 2162 840 2229 passus
857 2139 1020 2229 estquod
1038 2138 1143 2207 ceteri
1159 2140 1238 2208 arti-

116 2257 222 2340 fices;
244 2256 445 2345 injunctum
463 2278 568 2346 opus,
589 2271 628 2321 ut
644 2255 745 2338 solet,
765 2255 844 2344 plus
861 2254 1004 2339 laboris,
1020 2255 1139 2322 minus
1156 2255 1238 2323 faci·

118 2372 230 2441 litatis
247 2370 401 2440 exhibet.
419 2372 626 2460 Utcumque
648 2393 703 2438 res
720 2388 786 2454 est,
806 2393 875 2438 non
904 2371 980 2438 sine
1010 2371 1140 2457 injuria
1167 2371 1237 2439 dici

116 2506 234 2579 potest
252 2483 372 2556 minus
389 2488 584 2556 Horatium
606 2487 641 2554 in
660 2487 884 2555 celebrandis
909 2490 1063 2579 Augusti
1092 2489 1238 2556 honori-

117 2606 199 2690 bus,
218 2628 327 2696 quam
347 2606 531 2672 Romanos
552 2604 587 2672 in
604 2604 733 2671 iisdem
758 2603 984 2673 conferendis
1014 2626 1089 2672 rem
1109 2605 1237 2672 seriam

116 2721 257 2812 egisse(
282 2723 303 2808 l.
1011 2799 1013 2802 v

163 2837 321 2922 Atenim,
339 2861 458 2906 nonne
478 2835 697 2927 turpissimae
713 2836 931 2906 adulationis
947 2837 1014 2906 suit
1031 2842 1238 2930 Augustum

123 2954 158 3021 in
191 2953 341 3023 deorum
372 2976 563 3022 numerum
593 2955 722 3022 referre
743 2955 755 3022 i
778 2954 885 3023 Multi
913 2955 983 3042 jam
1013 2956 1056 3023 ab
1088 2957 1239 3025 Horatio

117 3072 262 3161 culpam
278 3070 324 3138 ita
342 3090 553 3140 amoverunt
574 3087 614 3138 ut
638 3071 674 3139 in
691 3070 806 3161 ipsius
833 3089 1038 3160 temporum
1064 3073 1239 3141 rationem

119 3203 369 3277 retorquerent
385 3188 452 3275 (3);
470 3209 585 3277 neque
608 3186 698 3255 mihi
724 3186 760 3255 in
781 3187 904 3255 animo
929 3205 982 3256 est
1010 3188 1175 3257 inutilem
1201 3212 1240 3257 ea

155 3372 194 3442 (ιλ
212 3369 291 3428 Satis
305 3371 344 3427 sit
363 3390 458 3428 unum
480 3391 515 3430 ex
532 3372 687 3430 acerrimis
721 3372 840 3430 Horatii
868 3374 1116 3432 criminatoribus
1132 3388 1240 3432 testem

115 3477 247 3517 vocare:
266 3481 280 3512 «
291 3460 446 3517 J'accorde
458 3479 516 3517 aux
530 3480 598 3517 vers
615 3462 768 3519 d'Horace
784 3481 836 3518 sur
850 3463 876 3520 le
890 3463 1140 3537 bonheurpublic
1156 3464 1239 3521 l’ins-

113 3549 251 3624 piration
271 3548 347 3604 dela
363 3549 469 3606 ve'rite'.
486 3551 572 3607 Echo
587 3551 658 3606 d'un
675 3550 839 3608 sentiment
860 3552 1021 3624 universel,
1036 3552 1099 3622 oui,
1112 3553 1187 3609 dans
1213 3553 1240 3608 le

112 3640 250 3712 present,
267 3637 288 3692 il
303 3637 393 3694 disait
407 3638 434 3693 la
450 3639 558 3696 ve'rite'.
575 3640 658 3696 Tout
674 3658 711 3696 au
727 3641 795 3714 plus
810 3641 991 3715 pouvaiton
1013 3641 1056 3697 lui
1077 3642 1241 3715 reprocher

109 3729 158 3785 les
175 3725 386 3800 exagerations
402 3728 438 3783 de
454 3727 703 3785 l’enthousiasme
723 3731 880 3804 poetique.
899 3753 912 3786 n
936 3733 1119 3804 (Saevum,
1134 3749 1181 3803 op.
1198 3750 1239 3800 c.,

113 3836 145 3891 p.
168 3820 241 3886 120.l

151 3908 191 3977 (2)
213 3907 280 3962 DIO.
305 3906 402 3977 CASS„
423 3925 485 3970 LIII,
505 3905 538 3962 33
555 3909 643 3963 :uxat'
657 3929 699 3975 μοι
712 3912 777 3961 δοκεῖ
791 3910 916 3964 ταύθόὔτω
936 3912 992 3964 ‘ro're
1009 3913 1052 3963 αλκ
1073 3912 1100 3963 t'tt
1119 3912 1242 3971 κολακείας

118 3997 170 4048 ἀλλ’
183 3996 222 4047 e'ru
239 3995 348 4054 αἰληθειάς
358 3999 471 4062 τιμηθεὶς,
492 3999 578 4053 λαθεῖν.
597 4018 609 4049 u

156 4085 194 4156 (3)
212 4083 290 4140 Vide
319 4102 382 4157 prae
408 4085 516 4142 ceteris
551 4089 761 4161 Funerum,
784 4089 820 4146 de
845 4091 978 4147 Horatio
1005 4108 1061 4147 non
1082 4091 1239 4149 adulatore

117 4173 333 4248 (Heidelberg,
352 4175 445 4250 1839),
461 4193 490 4248 p.
509 4175 524 4230 3
539 4193 623 4250 seqq.
