2970 5280
686 493 866 563 -,6..

261 636 368 704 Mitto
380 635 567 726 elegiacos,
584 635 768 718 Solonem,
780 638 1044 729 Theognidem,
1058 638 1333 736 Mimnermum,

216 753 443 825 Simonidem
461 754 590 835 Ceum,
606 753 789 824 Callinum
806 773 839 824 et
854 756 1054 845 Tyrtaeum,
1069 779 1161 846 quos
1178 759 1333 827 Horatio

214 871 300 940 satis
322 869 483 960 cognitos
502 869 613 939 fuisse
631 870 786 939 dubitari
807 872 944 961 nequit,
969 873 1034 941 etsi
1053 872 1174 940 minus
1200 873 1234 940 in
1257 897 1333 942 car·

218 986 377 1055 minibus
396 986 578 1055 adhibitos
596 989 652 1074 (ι).

261 1103 432 1194 Superest
453 1120 492 1171 ut
507 1103 694 1172 materiam
713 1105 863 1194 legendo
878 1123 1120 1195 comparatam
1142 1107 1333 1175 artificiosa

216 1222 333 1312 lyricae
349 1221 467 1311 poesis
485 1221 598 1288 forma
616 1221 762 1306 induat3
779 1243 887 1309 quana
901 1221 949 1288 ita
965 1223 1070 1312 elegit
1088 1240 1127 1290 ut
1144 1223 1240 1289 nulla
1256 1245 1334 1313 pro·

215 1337 301 1427 priae
316 1336 429 1405 indoli
456 1337 776 1426 Romanorumque
802 1337 946 1426 ingenio
972 1338 1176 1406 concineret
1202 1338 1329 1428 magis.

138 1460 144 1468 “
216 1454 395 1522 Reversus
419 1477 437 1521 a
463 1451 752 1544 philippensibus
767 1454 904 1537 castris,
930 1454 1036 1521 aliam
1053 1453 1220 1522 militiam
1242 1454 1332 1522 inie-

215 1587 289 1652 rat3
313 1591 395 1637 cum
416 1586 574 1637 cerneret
591 1591 710 1638 mores
733 1569 769 1637 in
794 1569 870 1636 dies
888 1572 1084 1660 corrumpi,
1107 1570 1332 1660 patriamque

216 1685 318 1754 bellis
336 1685 500 1753 civilibus
518 1684 714 1769 dilacerari,
733 1684 769 1752 in
786 1685 919 1753 civium
935 1708 1072 1754 errores
1090 1685 1241 1754 satiricis
1259 1708 1333 1754 car·

213 1800 374 1869 minibus
396 1801 514 1869 invehi
533 1818 699 1890 coeperat.
718 1802 803 1868 Mox
818 1823 901 1869 vero
917 1824 1004 1868 usus
1022 1819 1075 1871 est
1095 1804 1212 1885 Musa,
1227 1819 1267 1870 ut
1282 1803 1332 1872 ita

215 1918 346 2002 dicam,
357 1917 472 2007 magis
484 1917 676 2001 bellatrice,
696 1935 729 1986 et
743 1941 762 1985 a
777 1917 895 1985 satiris
907 1919 950 1985 ad
970 1917 1064 2001 illos,
1080 1942 1171 2007 quos
1188 1937 1330 2005 vocant,

216 2035 362 2125 Epodos
381 2034 532 2101 transiit.
554 2034 604 2103 Ut
622 2035 860 2101 adulescentis
877 2033 1006 2102 fervori
1019 2034 1067 2101 ita
1082 2037 1333 2104 Romanorum

213 2149 396 2218 furoribus
433 2148 651 2238 congruebat
691 2149 879 2217 notissima
911 2150 1119 2218 archilochii
1156 2150 1327 2218 carminis

216 2265 409 2349 acerbitas3
434 2265 632 2356 indignatio
652 2287 842 2333 romanum
858 2266 1118 2334 Archilochum
1133 2265 1228 2335 fecit.
1248 2268 1333 2335 Huc'

214 2382 304 2449 adde
320 2382 417 2470 quod
438 2399 551 2450 metra
568 2381 750 2471 dactylicis
773 2400 807 2450 et
831 2381 995 2450 iambicis
1017 2383 1177 2450 numeris
1194 2400 1332 2472 tempe·

213 2513 287 2566 rata
307 2514 340 2565 et
357 2498 402 2565 ad
419 2496 635 2565 imitandum
656 2496 813 2566 faciliora
832 2498 1062 2588 apparebant,
1081 2515 1114 2566 et
1128 2500 1171 2566 ad
1187 2498 1332 2566 vibran-

214 2613 302 2681 dum
319 2614 436 2682 satirae
452 2615 563 2683 telum
578 2615 738 2704 aptiora(
764 2619 785 2703 l.

259 2731 391 2821 Epodi,
413 2731 494 2799 licet
522 2731 617 2800 brevi
644 2731 800 2800 confinio
818 2731 942 2800 satiras
965 2730 1227 2819 contingerent,
1246 2730 1333 2819 lyri-

213 2869 296 2915 cum
310 2864 427 2915 vatem
446 2847 671 2917 nuntiabant.
692 2848 796 2937 Quos
809 2870 891 2915 vero
910 2848 1027 2937 lyricae
1039 2845 1124 2915 artis
1136 2847 1333 2934 magistros

214 2962 421 3031 adhibebit?
441 2965 572 3050 AEolos
600 2986 644 3032 an
672 2964 845 3032 Doricos?
874 2962 1007 3032 Graves
1039 2963 1186 3052 quidem
1219 2961 1333 3031 Stesi-

214 3079 312 3147 chori
331 3081 558 3170 camenae(3l,
577 3079 760 3148 Alcmanis
778 3079 899 3161 robur,
919 3077 1158 3168 sublimisque
1178 3076 1327 3150 Pindari

214 3194 381 3282 majestas
396 3196 496 3263 elatis
514 3197 763 3263 Romanorum
784 3195 915 3263 animis
935 3195 1020 3262 satis
1046 3193 1263 3284 respondere
1280 3192 1331 3258 vi-

213 3311 411 3394 debantur3
449 3334 563 3400 neque
602 3311 645 3378 ab
675 3311 718 3378 iis
746 3311 944 3378 studiosius
972 3308 1131 3397 legendis
1158 3306 1334 3374 abstinuit

217 3425 404 3509 Horatius,
434 3427 566 3515 quibus
599 3426 857 3495 sententiarum
887 3424 1097 3516 gravitatem
1126 3440 1233 3512 atque
1263 3423 1334 3490 elo-

216 3541 350 3632 quendi
377 3544 532 3611 colorem
550 3564 813 3632 nonnunquam
839 3541 975 3609 debuit.
1012 3540 1141 3608 Noluit
1168 3555 1287 3606 tamen
1314 3561 1335 3604 a

246 3782 290 3851 (t)
320 3782 470 3839 Memorat
492 3784 568 3840 Ceas
581 3783 699 3848 nenias,
713 3782 817 3839 Carm.
836 3800 867 3849 n,
888 3800 912 3851 1,
932 3780 985 3846 383
1004 3778 1177 3835 Mimnermi
1188 3776 1334 3834 amatoria

213 3869 357 3936 carmina,
374 3872 472 3946 Epist.
483 3891 503 3943 1,
521 3875 548 3942 6,
561 3873 595 3928 65
610 3891 618 3940 3
633 3873 791 3944 Tyrtaeum
806 3869 953 3934 imitatur,
970 3869 1075 3926 Carm.
1087 3885 1131 3938 111,
1141 3886 1169 3938 a,
1181 3867 1211 3922 13
1225 3884 1233 3937 ;
1247 3865 1336 3922 Solo-

215 3975 299 4030 nem,
314 3961 414 4034 Epist.
430 3980 449 4029 1,
469 3980 513 4032 12,
526 3963 551 4016 5.

249 4049 288 4120 (2)
306 4048 349 4106 Cf.
363 4050 501 4122 Annona,
513 4067 558 4124 op.
573 4067 609 4119 c.,
627 4068 655 4122 p.
675 4050 698 4104 5.

250 4137 287 4210 (3)
304 4138 410 4194 Curm.
426 4157 466 4206 rv,
481 4157 509 4210 9,
526 4138 553 4194 8.
