2970 5280
637 468 813 536 ..86-

73 605 85 680 ⁴.
174 628 294 682 autem
317 635 408 702 opus
429 629 481 680 est
498 611 662 699 ignavam
694 609 864 679 adulandi
892 611 1113 678 voluntatem
1140 605 1300 693 causari,

175 725 1303 818 cumCiceronihiloparciuseosdemderideatllt).Aliudvero

176 846 310 914 crimen
339 867 380 912 ex
400 845 477 935 ipso
504 843 689 913 Ciceronis
722 844 866 912 nomine
892 843 1061 912 exoritur.
1095 843 1309 918 Notissima
1352 818 1359 835 ⁶

177 961 349 1033 omnibns
366 969 423 1029 res'
439 979 491 1030 est
504 962 593 1031 adeo
608 961 727 1052 magni
744 960 1117 1030 oratorismemoriam
1128 965 1303 1051 Augusto

178 1077 394 1149 invidiosam
412 1077 537 1162 luisse,
555 1095 594 1146 ut
611 1077 725 1168 ipsius
755 1095 902 1168 nepotes
932 1077 968 1146 in
999 1095 1134 1145 secreto
1162 1076 1304 1145 aedium

179 1196 300 1266 divina
316 1196 429 1266 Tullii
458 1196 588 1287 scripta
617 1194 741 1263 lurtim
769 1197 986 1278 evolverent,
1010 1216 1089 1285 quae
1114 1194 1148 1261 in
1179 1193 1303 1262 Verrii

181 1313 297 1382 Flacci
324 1313 446 1381 schola
466 1312 580 1402 legere
606 1334 676 1380 non
706 1311 833 1381 licebat
849 1313 904 1399 (2).
926 1311 1012 1392 lnde
1033 1328 1098 1392 est,
1117 1326 1157 1378 ut
1181 1310 1304 1393 aiunt,
1384 1300 1388 1307 ’

56 1443 60 1453 ·
90 1464 95 1468 -
181 1429 278 1518 quod
295 1426 474 1518 Vergilius
491 1450 649 1496 romanae
665 1428 786 1517 gloriae
804 1427 1087 1511 amantissimus,
1104 1425 1306 1495 oratoriam

181 1545 325 1613 laudem
343 1543 418 1612 suis
434 1543 573 1613 civibus
593 1544 728 1612 invidet
744 1547 801 1631 (3),
822 1543 1050 1633 Ovidiusque
1077 1565 1221 1634 semper
1239 1542 1305 1614 Ci-

182 1644 321 1729 ceronis
338 1683 470 1729 nomen
488 1644 559 1729 alto
578 1660 707 1752 premit
728 1660 883 1728 silentio.
906 1661 1036 1729 Nonne
1066 1659 1171 1728 tacita
1201 1681 1308 1750 quae-

183 1778 266 1846 dam
282 1777 483 1846 intercessit
499 1777 712 1866 conjuratio,
733 1801 775 1846 ne
790 1777 826 1845 in
850 1777 1020 1846 canendis
1038 1778 1159 1869 patriae
1175 1777 1308 1867 gloriae

185 1895 392 1966 auctoribus
408 1916 557 1962 romana
571 1895 676 1962 Musa
687 1917 849 1986 unquam
866 1895 954 1963 illud
968 1917 1099 1963 nomen
1112 1895 1309 1985 proferret,

184 2013 282 2102 quod
306 2009 503 2078 Triumviri
523 2010 687 2079 animum
713 2011 943 2079 acerbissima
971 2012 1144 2080 memoria
1165 2033 1310 2080 remor·

185 2129 310 2197 deret?
328 2129 457 2197 Nonne
476 2126 651 2196 Horatius
663 2127 738 2218 ipse
751 2128 1010 2217 conjurationis
1022 2151 1103 2196 reus
1114 2112 1312 2196 habendus

186 2247 267 2314 est?
285 2242 486 2341 Clarissimi
508 2244 667 2312 consulis
693 2244 860 2312 laudibus
886 2268 950 2313 nec
978 2245 1142 2314 materies
1168 2246 1310 2328 deerat,

187 2383 250 2429 nec
271 2362 397 2445 locus3
422 2381 485 2427 cur
503 2359 612 2450 igitur
634 2359 726 2427 inter
748 2360 829 2428 illos
851 2361 961 2432 Urbis
981 2361 1091 2430 fastos
1121 2382 1214 2450 quos
1246 2384 1312 2431 sae-

187 2476 430 2568 pius'evolvit,
448 2477 719 2565 nullaunquam
736 2479 829 2545 clara
851 2477 1038 2548 Ciceronis
1059 2476 1195 2546 mentio
1215 2476 1312 2546 inci-

188 2594 266 2662 dit?
283 2595 365 2662 Non
385 2592 553 2682 equidem
573 2592 658 2659 satis
676 2593 900 2682 probabilem
931 2593 1037 2681 hujus
1063 2594 1196 2662 silentii
1222 2616 1312 2662 cau·

188 2731 264 2777 sam
299 2709 506 2791 vide03sed
537 2730 651 2797 neque
682 2709 827 2796 abjectae
871 2709 1123 2778 assentationis
1166 2709 1312 2778 crimen

187 2824 341 2914 Augusti
359 2824 474 2892 amico
488 2823 603 2892 ausim
624 2825 690 2892 hoc
717 2826 862 2894 nomine
886 2825 1028 2894 inserte.
1055 2825 1091 2896 Si
1115 2825 1311 2895 Octaviani

189 2920 303 3009 dolori
316 2940 534 3029 parcendum
547 2930 698 3026 censuit,¹
715 2941 749 3008 id
767 2941 894 3009 urbani
910 2942 1028 3026 amici,
1039 2965 1110 3010 non
1124 2941 1313 3011 adulantis

189 3058 267 3126 luit.
926 3051 928 3054 Α

236 3174 296 3242 IV.
317 3173 501 3263 Quicquid
518 3173 554 3242 id
577 3190 643 3261 est,
662 3174 749 3243 citra
767 3196 913 3242 omnem
929 3175 1213 3244 controversiam
1240 3193 1315 3244 stat

190 3290 419 3359 Venusinum
448 3306 606 3380 poetam,
630 3307 712 3380 post
728 3291 898 3360 actiacam
920 3313 1090 3382 pugnam,
1108 3291 1202 3359 inter
1219 3315 1314 3382 prae-

190 3407 315 3497 cipuos
333 3405 414 3473 novi
433 3405 656 3496 principatus
680 3406 886 3476 defensores
912 3408 1166 3498 adjutoresque
1191 3430 1313 3477 versa-

190 3541 268 3592 tum
316 3546 405 3593 esse.
438 3522 759 3611 Quemadmodum
800 3525 960 3616 Agrippa
997 3524 1139 3593 invictis
1175 3505 1314 3610 ‘armin

191 3642 367 3709 llllaecenas
401 3639 538 3707 callidis
567 3639 717 3724 artibus,
745 3641 792 3709 ita
826 3642 1000 3711 Horatius
1032 3638 1316 3731 elegantissimis

203 3935 205 3939 ¹
228 3913 265 3983 (ι)
284 3911 332 3967 Ad
347 3911 459 3967 divers.
478 3929 528 3974 xn,
546 3912 587 3966 18.

228 4003 266 4074 (2)
288 4002 386 4057 Pnur.
411 3999 467 4055 Vit.
487 3999 551 4056 Cic.
567 4002 618 4070 46.

229 4092 270 4165 (3)
290 4091 424 4161 AEneid.,
440 4108 479 4156 vr,
496 4091 567 4162 849.
