2970 5280
643 523 687 537 ..
714 489 824 556 30...

181 629 353 720 bilinguis
377 626 436 719 (1),
464 629 711 719 impudentius
736 630 860 722 patriis
879 630 999 700 verbis
1019 631 1220 701 adventicia
1240 634 1302 702 ad-

180 746 436 830 miscerentur3
453 768 523 814 non
537 745 711 837 probabat
723 747 789 814 nisi
804 768 884 837 quae
895 768 1011 837 graeco
1024 748 1122 817 fonte
1135 750 1303 818 caderent

180 884 282 953 parce
308 863 458 931 detorta.
490 864 535 931 Et
566 885 650 932 vero
676 863 784 953 lyrica
812 863 888 952 ejus
914 864 1071 933 carmina
1089 883 1302 956 argumento

180 995 265 1046 sunt
280 1001 390 1068 quam
416 1000 574 1047 severam
595 979 660 1048 tibi
680 979 794 1070 legem
811 979 941 1048 dixerit
965 979 1000 1047 in
1027 980 1175 1071 integris
1197 1005 1302 1051 voca·

180 1097 275 1165 bulis
299 1096 342 1163 de
358 1117 473 1186 graeco
496 1095 694 1164 sumendis.
725 1097 862 1164 Praeter
888 1098 1103 1186 cognomina
1134 1100 1302 1188 quaedam

180 1213 332 1280 deorum
349 1211 651 1300 (alatrlutantum
667 1234 780 1303 graeca
801 1212 948 1281 nomina
968 1214 1075 1282 latine
1093 1213 1221 1282 inflexa
1245 1237 1301 1283 re-

166 1327 368 1419 periuntur
387 1349 394 1395 :
412 1328 573 1421 amystis,
591 1327 764 1396 ciborium
780 1346 813 1397 et
826 1328 926 1397 diota
942 1330 998 1418 (3),
1011 1335 1071 1396 «le-

225 1445 262 1517 Si
278 1445 371 1514 intra
384 1444 608 1536 angustiores
625 1444 706 1514 illos
723 1444 856 1514 limites
871 1445 946 1534 ejus
966 1446 1120 1514 novandi
1137 1447 1301 1515 studium

78 1599 82 1606 ·
179 1561 349 1647 stetisset,
364 1561 423 1630 vix
437 1578 510 1630 erat
528 1563 626 1652 quod
641 1561 816 1630 invidiam
827 1582 1051 1652 praecaveret.
1069 1562 1179 1631 Aliud
1191 1563 1302 1655 igitur

179 1676 364 1761 intellexit,
405 1700 488 1745 cum
525 1677 699 1746 vocabula
731 1677 939 1767 praedicaret
971 1678 1014 1746 de
1045 1701 1159 1768 graeco
1194 1703 1300 1770 parce

179 1793 425 1884 detorquenda
441 1817 531 1862 esse.
551 1791 707 1877 Scilicet,
723 1794 784 1883 qui
802 1794 954 1863 latinum
970 1816 1173 1864 sermonem
1192 1818 1300 1886 egen·

179 1911 309 1979 tiorem
327 1934 417 1994 esse,
435 1928 469 1979 et
488 1911 595 1979 simul
613 1911 655 1979 ad
677 1912 925 2002 componenda
943 1911 1050 1980 verba
1066 1934 1195 2002 parum
1208 1930 1301 1982 trac-

179 2027 326 2095 tabilem
342 2026 558 2117 perspiceret
576 2027 637 2114 (4),
656 2048 735 2095 eam
753 2028 907 2096 novandi
934 2009 1109 2097 rationem
1126 2030 1299 2098 adhiben·

180 2144 263 2211 dam
305 2143 464 2228 censuit,
504 2165 585 2233 quae
622 2142 770 2233 quidem
806 2165 957 2234 graecam
998 2145 1300 2214 consuetudinem

180 2259 356 2329 imitando
381 2284 399 2328 e
426 2260 569 2328 duobus
601 2260 721 2327 latinis
752 2283 866 2329 unum
891 2260 1107 2329 vocabulum
1135 2262 1298 2353 fingeret,

178 2376 331 2445 sollicita
347 2398 430 2444 vero
447 2376 666 2466 parcimonia
682 2393 855 2460 uteretur,
872 2400 915 2445 ne
934 2377 1052 2445 latinae
1069 2377 1199 2468 linguae
1218 2400 1301 2447 ana-

180 2492 311 2583 logiam
328 2489 489 2582 unquam
507 2511 701 2582 sperneret.
731 2491 883 2583 Sapiens
908 2512 1126 2584 praeceptum
1144 2493 1300 2582 sapienti

178 2610 340 2699 exemplo
354 2609 591 2694 confirmavit,
606 2631 688 2677 cum
704 2610 877 2677 nonnulla
889 2609 996 2678 verba
1013 2610 1090 2700 ipse
1106 2610 1148 2677 de
1162 2609 1301 2680 Graecis

179 2749 281 2817 parce
299 2743 333 2794 et
348 2727 525 2817 pudenter
540 2726 725 2795 derivaret.
746 2725 828 2797 Sint
849 2725 1104 2817 inexemplum
1122 2748 1129 2795 :
1148 2726 1302 2797 bimaris
1391 2722 1396 2731 ’

179 2844 387 2932 (διθάλασσος),
407 2843 569 2934 irruptus
589 2842 767 2934 (ἄρρηκτος),
795 2842 991 2911 irretortus
1015 2844 1188 2932 (dispersae),
1219 2843 1301 2914 illa·

215 3063 257 3126 (1)
273 3057 337 3114 Sat.
355 3075 374 3126 1,
394 3075 436 3123 ιο,
455 3056 500 3112 30.

213 3157 252 3226 (2)
283 3154 420 3210 Bacchus
444 3156 622 3224 Bassareus,
651 3153 760 3209 Carm.
793 3173 813 3224 1,
843 3154 887 3225 18,
918 3171 969 3226 113
997 3153 1108 3227 Apollo
1136 3153 1301 3229 Patareus,

178 3245 288 3302 Carni.
307 3263 349 3315 111,
364 3262 393 3316 4,
410 3244 466 3314 643
482 3244 538 3316 Ap.
554 3243 688 3320 Agyeus‚
705 3243 810 3299 Carm.
827 3261 866 3314 tv,
883 3243 911 3315 6,
927 3245 974 3302 28.

211 3334 255 3405 (3)
272 3334 378 3390 Carm.
394 3350 415 3403 1,
433 3333 479 3403 36,
500 3350 542 3402 14,
555 3332 660 3401 ἄμυστις,
672 3333 797 3405 potandi
808 3350 903 3405 genus
914 3333 993 3406 apud
1004 3332 1139 3388 Thracas
1150 3331 1300 3390 usitatum

177 3425 379 3495 (Portarum,
394 3424 451 3494 25).
463 3455 498 3462 -
509 3422 614 3478 Carm.
630 3441 660 3489 ιι,
676 3440 760 3494 7‚22,
776 3424 888 3493 κιὸώρων,
902 3421 1003 3496 poculi
1014 3439 1123 3496 genus.
1137 3453 1172 3463 -
1187 3420 1297 3480 Carm.

176 3531 197 3585 1,
220 3533 247 3588 9,
273 3513 300 3578 8,
323 3514 413 3577 δίωτος,
436 3513 544 3586 adject.
568 3529 604 3567 ex
620 3529 681 3583 quo
698 3510 920 3567 substantivum
936 3510 1006 3568 lecit
1023 3510 1181 3566 Horatius
1198 3542 1233 3552 -
1250 3509 1300 3569 Cf.

177 3605 426 3674 Znuonuarsrnn,
448 3602 484 3658 de
510 3603 591 3659 Hor.
619 3599 735 3657 vocibus
764 3599 980 3678 singularibus.
1014 3601 1117 3656 Berol.
1151 3599 1242 3670 1862;
1269 3613 1301 3657 et

176 3690 347 3765 praesertim
364 3692 490 3761 Wnnrz,
511 3691 570 3748 Des
590 3689 755 3747 variations
773 3690 810 3745 de
829 3690 858 3744 la
873 3690 981 3768 langue
1007 3701 1037 3745 et
1056 3688 1091 3744 de
1107 3687 1136 3743 la
1151 3686 1300 3762 me‘trique

176 3780 339 3846 d'Horace,
357 3779 453 3850 Paris,
470 3781 554 3850 1881,
568 3779 616 3835 ch.
632 3795 665 3834 ιιι
681 3791 710 3835 et
724 3798 764 3836 ιν.

213 3874 256 3940 (4)
273 3868 318 3926 Cf.
343 3870 457 3939 Qurur.
484 3868 562 3925 Just.
580 3885 636 3923 or.
660 3886 681 3939 r,
706 3868 732 3939 5,
757 3886 795 3940 70
818 3884 824 3924 :
847 3889 860 3919 a
885 3867 938 3924 sed
954 3885 1001 3922 res
1016 3878 1080 3923 tota
1096 3865 1191 3939 magis
1207 3865 1298 3924 decet

176 3957 311 4029 Graecos,
326 3957 415 4014 nobis
431 3955 532 4013 minus
549 3957 721 4014 succedit.»
738 3973 843 4026 -vnr,
861 3956 888 4026 3,
905 3956 993 4012 30-31
1014 3973 1021 4011 :
1039 3975 1052 4007 a
1070 3953 1198 4027 Fingere
1212 3953 1299 4012 Grae-

176 4046 220 4102 cis
236 4045 331 4121 magis
346 4064 527 4104 concessum
542 4059 627 4103 est...
649 4045 747 4102 nostri
766 4056 867 4102 autem
882 4043 914 4100 in
928 4043 1082 4120 jungendo
1098 4056 1150 4099 aut
1163 4041 1196 4100 in
1210 4043 1298 4101 deri·

176 4136 276 4192 vando
291 4135 426 4208 paullum
443 4135 558 4210 aliquid
573 4134 649 4201 ausi,
666 4132 715 4192 vix
730 4133 760 4190 in
775 4135 834 4190 hoc
850 4133 923 4190 satis
940 4132 1136 4207 recipiuntur.
1156 4155 1168 4185 a
